4748 5852
871 641 1201 716 *5*-

271 857 396 914 rerttm
414 825 499 907 inte
513 845 682 904 actamm
696 821 861 900 subinde
873 819 1004 910 infida,
1020 823 1182 922 reliquae
1196 820 1418 898 functiones
1431 818 1565 898 vitales
1581 815 1808 890 debilitatae.

272 977 348 1050 Die
372 993 466 1046 vero
492 987 605 1040 nono
629 969 781 1066 Ianuar..-
808 961 901 1037 mni
926 961 1119 1058 sequentis
1147 959 1347 1057 epilepsiae
1377 957 1596 1055 paroxysmi
1625 954 1803 1038 redeunt,

269 1103 459 1205 prioribus
478 1063 1173 1198 velremeutiorts'fressentiorssque,
1204 1119 1301 1196 quos
1323 1113 1460 1192 stupor
1483 1109 1521 1166 et
1536 1091 1655 1166 animi
1670 1089 1803 1165 absen-

270 1243 347 1328 tie,
385 1239 517 1335 paucis
538 1253 685 1312 tantum
707 1255 745 1310 et
762 1233 947 1327 breuibus
959 1233 1173 1316 intervallis
1182 1234 1322 1318 lucidis
1337 1229 1594 1326 interpositis,
1621 1226 1804 1300 comitan-
1862 1331 1866 1342 ι

257 1383 347 1450 'tun
398 1373 611 1470 Respiratio
633 1370 784 1468 gravis,
803 1373 1005 1460 anhelosa,
1025 1371 1201 1446 omnium
1222 1369 1466 1447 functionum
1487 1363 1710 1438 animalium
1727 1377 1804 1430 tur·
1916 1349 1921 1356 ’

274 1511 397 1595 bstio,
425 1506 590 1580 maxime
611 1507 787 1604 corporis
811 1505 982 1581 debilitas
1008 1523 1045 1582 et
1071 1507 1133 1580 die
1155 1511 1285 1585 XVIII
1316 1501 1488 1597 ejusdem
1512 1497 1653 1572 mensis
1675 1495 1719 1568 in
1741 1517 1805 1568 ve·

273 1609 906 1722 hemenmstmisleonvutdonibus
923 1663 1036 1720 mors.
1550 1637 1559 1650 ’

832 1925 1088 2086 c'ap'ut
1145 1973 1219 2084 11.

646 2187 878 2288 Capitis
929 2169 1185 2266 et'oeuli
1237 2189 1438 2262 sectio.

392 2407 426 2522 Ι)
453 2427 690 2524 Tegtmrenta
705 2424 836 2524 eapitis
858 2443 1035 2522 externa,
1059 2453 1148 2504 eum
1168 2453 1217 2502 ne
1234 2428 1437 2501 minimum
1455 2423 1608 2526 quidem
1622 2420 1803 2496 laesionis

273 2562 478 2662 vestigium
493 2561 630 2650 edant,
655 2561 852 2660 ῦῐῑῑῒῐθςε
866 2585 1089 2660 separantur
1106 2591 1127 2640 a
1144 2566 1358 2664 periosteo,
1379 2561 1486 2659 quod
1497 2559 1705 2664 candidum
1724 2581 1806 2630 om·

271 2701 386 2797 nique
409 2696 597 2794 sanguiue
616 2721 787 2772 vacuum
805 2702 1046 2797 conspicitur.
1106 2702 1287 2777 cranium
1306 2697 1529 2772 dissecando
1544 2695 1668 2768 dextri
1681 2693 1807 2766 lateris
1910 2669 1913 2681 ¹

273 2831 394 2924 major
420 2831 581 2904 sinistro
604 2834 837 2924 persentitur
858 2837 1006 2910 ossium
1029 2830 1209 2924 durities,
1233 2855 1270 2908 et
1290 2835 1399 2910 calva
1419 2848 1587 2916 remota,
1610 2855 1631 2902 a
1652 2827 1806 2926 regione

275 2965 375 3041 ossis
396 2963 539 3040 frontis
555 2964 680 3040 medie·
702 2968 749 3040 ad
771 2969 869 3058 latus
885 2971 1083 3046 sinistrum
1103 2973 1207 3046 inter
1220 2972 1366 3044 ossium
1383 2965 1530 3044 tabulas
1546 2955 1681 3062 diplois
1697 2977 1807 3062 atque

272 3096 637 3174 tabularum⁸flexus
659 3101 702 3172 in
722 3103 881 3200 regione
902 3122 1118 3200 temporum
1140 3107 1351 3177 introrsum
1372 3127 1558 3200 vergens3
1600 3099 1735 3172 dextro
1755 3098 1808 3168 la-

271 3253 351 3308 tere
373 3258 393 3306 a
412 3235 505 3306 loco
526 3232 631 3304 di'cto
654 3234 799 3320 diplois
820 3239 871 3325 sd
894 3241 993 3307 auris
1018 3263 1139 3326 usque
1157 3240 1353 3328 regionem
1385 3238 1625 3330 deestetqtte
1651 3249 1813 3328 utraque
1845 3279 1849 3286 ·

273 3367 422 3442 ossium
442 3363 573 3436 tabule
597 3361 763 3434 crassior
781 3381 958 3459 apparet,
981 3363 1128 3436 tirmior
1151 3383 1187 3436 et
1209 3340 1312 3438 extra·
1336 3363 1489 3438 deflexa.
1532 3358 1535 3366 ’

392 3506 449 3586 II)
476 3505 574 3572 Vasa
598 3495 716 3568 durae
745 3499 874 3570 matris
897 3495 1110 3596 sanguffera
1141 3499 1296 3596 ejusque
1324 3499 1430 3572 sinus
1458 3499 1646 3598 sanguine
1666 3475 1811 3574 scatent

272 3655 310 3712 et
331 3635 502 3710 raticosa
526 3645 619 3702 suut
637 3632 804 3709 dicenda.
880 3631 1032 3737 Ubique
1057 3656 1141 3708 eum
1166 3636 1312 3708 interne
1338 3635 1470 3708 calvae
1488 3633 1685 3732 superficie
1711 3635 1809 3708 vasis

269 3769 382 3844 firme
407 3766 611 3854 cohaeret,
658 3786 811 3866 excepta
839 3787 989 3847 tantum
1009 3771 1193 3869 regione,
1225 3771 1392 3844 laminae
1414 3773 1517 3844 oculi
1542 3769 1729 3868 superiori
1754 3795 1809 3842 re·

272 3903 506 4002 spondente,
551 3891 627 4000 qua
658 3903 705 3974 ad
729 3907 840 3978 numi
863 3905 1022 3998 majoris
1045 3885 1583 4004 maguimdinem'destructa,
1628 3903 1809 4000 spissior,

270 4063 435 4114 massam
451 4035 554 4136 puris
566 4039 757 4127 similem,
781 4040 954 4116 subflavo
965 4043 1146 4128 viridem,
1167 4040 1296 4130 refert,
1322 4043 1480 4114 acrauio
1496 4057 1662 4138 separata
1680 4059 1809 4111 occur·

271 4177 332 4250 rit.
385 4173 565 4246 cranium
589 4173 718 4271 ipsum
742 4177 927 4252 hocloco
954 4195 1140 4276 asperum.
1201 4185 1291 4278 Quo
1317 4179 1405 4250 loco
1431 4201 1565 4250 omnes
1591 4193 1665 4247 tres
1690 4195 1806 4242 mem·

270 4308 433 4394 branae,
466 4305 565 4382 dure
576 4327 715 4398 meter,
745 4315 991 4391 arachnoidea
1018 4332 1055 4388 et
1071 4315 1132 4412 pia
1153 4333 1276 4386 mater
1293 4313 1336 4390 iu
1356 4337 1521 4391 massam
1544 4305 1807 4407 inorganicsm
1860 4369 1863 4380 .
1911 4353 1917 4360 ·

245 4463 255 4479 ¹
273 4445 496 4518 coaluerunt
514 4469 587 4520 uec
606 4471 688 4522 nou
705 4451 858 4524 cerebro
879 4443 990 4526 firme¹
1005 4471 1096 4526 sunt
1116 4448 1258 4526 affixae,
