<?xml version="1.0" encoding="UTF-8"?>
<!DOCTYPE html PUBLIC "-//W3C//DTD XHTML 1.0 Transitional//EN"
    "http://www.w3.org/TR/xhtml1/DTD/xhtml1-transitional.dtd">
<html xmlns="http://www.w3.org/1999/xhtml" xml:lang="en" lang="en">
 <head>
  <title>
</title>
<meta http-equiv="Content-Type" content="text/html;charset=utf-8" />
  <meta name='ocr-system' content='tesseract 3.04.00' />
  <meta name='ocr-capabilities' content='ocr_page ocr_carea ocr_par ocr_line ocrx_word'/>
</head>
<body>
  <div class='ocr_page' id='page_1' title='image "./commentatiopath00landgoog_0019.png"; bbox 0 0 4770 5856; ppageno 0'>
   <div class='ocr_carea' id='block_1_1' title="bbox 1174 624 1521 704">
    <p class='ocr_par' dir='ltr' id='par_1_1' title="bbox 1174 624 1521 704">
     <span class='ocr_line' id='line_1_1' title="bbox 1174 624 1521 704; baseline -0.003 -40"><span class='ocrx_word' id='word_1_1' title='bbox 1174 624 1521 704; x_wconf 56' lang='lat'>‘⁴¹¹8-</span> 
     </span>
    </p>
   </div>
   <div class='ocr_carea' id='block_1_2' title="bbox 521 815 2132 1604">
    <p class='ocr_par' dir='ltr' id='par_1_2' title="bbox 521 815 2132 1604">
     <span class='ocr_line' id='line_1_2' title="bbox 592 815 2127 931; baseline -0.004 -29"><span class='ocrx_word' id='word_1_2' title='bbox 592 824 748 902; x_wconf 86' lang='lat' dir='ltr'>collecti</span> <span class='ocrx_word' id='word_1_3' title='bbox 787 819 888 894; x_wconf 84' lang='lat' dir='ltr'>exire</span> <span class='ocrx_word' id='word_1_4' title='bbox 918 815 1137 918; x_wconf 84' lang='lat' dir='ltr'>nequeant,</span> <span class='ocrx_word' id='word_1_5' title='bbox 1176 819 1301 892; x_wconf 84' lang='lat' dir='ltr'>itaut</span> <span class='ocrx_word' id='word_1_6' title='bbox 1328 817 1626 931; x_wconf 56' lang='lat' dir='ltr'>majorembir&#39;n</span> <span class='ocrx_word' id='word_1_7' title='bbox 1649 819 1692 892; x_wconf 90' lang='lat' dir='ltr'>in</span> <span class='ocrx_word' id='word_1_8' title='bbox 1716 817 1912 896; x_wconf 87' lang='lat' dir='ltr'>cerebrum</span> <span class='ocrx_word' id='word_1_9' title='bbox 1935 841 2127 909; x_wconf 86' lang='lat' dir='ltr'>exserant,</span> 
     </span>
     <span class='ocr_line' id='line_1_3' title="bbox 521 947 2128 1057; baseline -0.002 -23"><span class='ocrx_word' id='word_1_10' title='bbox 521 947 524 952; x_wconf 38' lang='lat'>¹</span> <span class='ocrx_word' id='word_1_11' title='bbox 596 963 796 1057; x_wconf 70' lang='lat' dir='ltr'>majusque</span> <span class='ocrx_word' id='word_1_12' title='bbox 818 957 909 1030; x_wconf 85' lang='lat' dir='ltr'>inde</span> <span class='ocrx_word' id='word_1_13' title='bbox 926 959 1026 1034; x_wconf 81' lang='lat' dir='ltr'>vitae</span> <span class='ocrx_word' id='word_1_14' title='bbox 1044 958 1256 1056; x_wconf 81' lang='lat' dir='ltr'>periculum</span> <span class='ocrx_word' id='word_1_15' title='bbox 1282 960 1472 1032; x_wconf 82' lang='lat' dir='ltr'>exoriatur</span> <span class='ocrx_word' id='word_1_16' title='bbox 1487 981 1640 1032; x_wconf 84' lang='lat' dir='ltr'>neeesse</span> <span class='ocrx_word' id='word_1_17' title='bbox 1656 957 1728 1042; x_wconf 84' lang='lat' dir='ltr'>sit;</span> <span class='ocrx_word' id='word_1_18' title='bbox 1756 957 1981 1044; x_wconf 85' lang='lat' dir='ltr'>secundum,</span> <span class='ocrx_word' id='word_1_19' title='bbox 2007 959 2128 1056; x_wconf 81' lang='lat' dir='ltr'>quod,</span> 
     </span>
     <span class='ocr_line' id='line_1_4' title="bbox 595 1085 2130 1198; baseline -0.004 -26"><span class='ocrx_word' id='word_1_20' title='bbox 595 1097 747 1198; x_wconf 79' lang='lat' dir='ltr'>magnis</span> <span class='ocrx_word' id='word_1_21' title='bbox 760 1092 986 1168; x_wconf 86' lang='lat' dir='ltr'>vulneribus</span> <span class='ocrx_word' id='word_1_22' title='bbox 1004 1094 1168 1168; x_wconf 81' lang='lat' dir='ltr'>extemis</span> <span class='ocrx_word' id='word_1_23' title='bbox 1189 1085 1315 1182; x_wconf 80' lang='lat' dir='ltr'>iactis,</span> <span class='ocrx_word' id='word_1_24' title='bbox 1342 1097 1539 1194; x_wconf 83' lang='lat' dir='ltr'><strong>chirurgus</strong></span> <span class='ocrx_word' id='word_1_25' title='bbox 1557 1093 1716 1168; x_wconf 87' lang='lat' dir='ltr'>volnera</span> <span class='ocrx_word' id='word_1_26' title='bbox 1736 1111 1777 1166; x_wconf 87' lang='lat' dir='ltr'>et</span> <span class='ocrx_word' id='word_1_27' title='bbox 1789 1095 1995 1168; x_wconf 80' lang='lat' dir='ltr'><strong>laesionem</strong></span> <span class='ocrx_word' id='word_1_28' title='bbox 2015 1095 2130 1166; x_wconf 86' lang='lat' dir='ltr'>inter·</span> 
     </span>
     <span class='ocr_line' id='line_1_5' title="bbox 593 1209 2130 1330; baseline -0.007 -22"><span class='ocrx_word' id='word_1_29' title='bbox 593 1259 686 1326; x_wconf 76' lang='lat' dir='ltr'>narn</span> <span class='ocrx_word' id='word_1_30' title='bbox 707 1233 843 1312; x_wconf 86' lang='lat' dir='ltr'>melius</span> <span class='ocrx_word' id='word_1_31' title='bbox 869 1231 1057 1329; x_wconf 85' lang='lat' dir='ltr'>detegere,</span> <span class='ocrx_word' id='word_1_32' title='bbox 1093 1255 1137 1304; x_wconf 88' lang='lat' dir='ltr'>ao</span> <span class='ocrx_word' id='word_1_33' title='bbox 1160 1209 1696 1328; x_wconf 81' lang='lat' dir='ltr'>aptant-medendirationenr</span> <span class='ocrx_word' id='word_1_34' title='bbox 1722 1225 1899 1300; x_wconf 83' lang='lat' dir='ltr'>cdlribere</span> <span class='ocrx_word' id='word_1_35' title='bbox 1916 1231 2057 1324; x_wconf 71' lang='lat' dir='ltr'>possit,</span> <span class='ocrx_word' id='word_1_36' title='bbox 2091 1245 2130 1330; x_wconf 81' lang='lat' dir='ltr'>et</span> 
     </span>
     <span class='ocr_line' id='line_1_6' title="bbox 539 1361 2132 1472; baseline -0.008 -28"><span class='ocrx_word' id='word_1_37' title='bbox 539 1433 542 1438; x_wconf 96' lang='lat'>.</span> <span class='ocrx_word' id='word_1_38' title='bbox 580 1371 778 1465; x_wconf 61' lang='lat' dir='ltr'>idemque,</span> <span class='ocrx_word' id='word_1_39' title='bbox 822 1363 945 1460; x_wconf 84' lang='lat' dir='ltr'>quod,</span> <span class='ocrx_word' id='word_1_40' title='bbox 987 1385 1065 1460; x_wconf 90' lang='lat' dir='ltr'>quo</span> <span class='ocrx_word' id='word_1_41' title='bbox 1088 1369 1207 1465; x_wconf 85' lang='lat' dir='ltr'>magis</span> <span class='ocrx_word' id='word_1_42' title='bbox 1232 1361 1355 1464; x_wconf 83' lang='lat' dir='ltr'>portes</span> <span class='ocrx_word' id='word_1_43' title='bbox 1377 1385 1552 1442; x_wconf 79' lang='lat' dir='ltr'>externee</span> <span class='ocrx_word' id='word_1_44' title='bbox 1574 1366 1794 1448; x_wconf 77' lang='lat' dir='ltr'><strong>laedantur,</strong></span> <span class='ocrx_word' id='word_1_45' title='bbox 1826 1385 1875 1434; x_wconf 90' lang='lat' dir='ltr'>eo</span> <span class='ocrx_word' id='word_1_46' title='bbox 1898 1361 2028 1472; x_wconf 79' lang='lat' dir='ltr'>minus</span> <span class='ocrx_word' id='word_1_47' title='bbox 2049 1385 2132 1458; x_wconf 86' lang='lat' dir='ltr'>par·</span> 
     </span>
     <span class='ocr_line' id='line_1_7' title="bbox 593 1495 2131 1604; baseline 0.002 -25"><span class='ocrx_word' id='word_1_48' title='bbox 593 1523 650 1578; x_wconf 85' lang='lat' dir='ltr'>tes</span> <span class='ocrx_word' id='word_1_49' title='bbox 671 1501 841 1578; x_wconf 89' lang='lat' dir='ltr'>internae</span> <span class='ocrx_word' id='word_1_50' title='bbox 866 1501 1070 1572; x_wconf 81' lang='lat' dir='ltr'>violentiae</span> <span class='ocrx_word' id='word_1_51' title='bbox 1095 1495 1271 1604; x_wconf 82' lang='lat' dir='ltr'>effectum</span> <span class='ocrx_word' id='word_1_52' title='bbox 1296 1506 1548 1602; x_wconf 77' lang='lat' dir='ltr'>experiantur.</span> <span class='ocrx_word' id='word_1_53' title='bbox 1616 1502 1718 1578; x_wconf 88' lang='lat' dir='ltr'>Mihi</span> <span class='ocrx_word' id='word_1_54' title='bbox 1737 1498 1894 1596; x_wconf 73' lang='lat' dir='ltr'>quidem</span> <span class='ocrx_word' id='word_1_55' title='bbox 1908 1503 2017 1582; x_wconf 77' lang='lat' dir='ltr'>tertia</span> <span class='ocrx_word' id='word_1_56' title='bbox 2042 1499 2131 1570; x_wconf 62' lang='lat' dir='ltr'>haec</span> 
     </span>
    </p>
   </div>
   <div class='ocr_carea' id='block_1_3' title="bbox 593 1613 2133 1768">
    <p class='ocr_par' dir='ltr' id='par_1_3' title="bbox 593 1613 2133 1768">
     <span class='ocr_line' id='line_1_8' title="bbox 593 1613 2133 1737; baseline -0.005 -24"><span class='ocrx_word' id='word_1_57' title='bbox 593 1641 689 1713; x_wconf 83' lang='lat' dir='ltr'>ratio</span> <span class='ocrx_word' id='word_1_58' title='bbox 702 1649 799 1734; x_wconf 86' lang='lat' dir='ltr'>&#39;prae</span> <span class='ocrx_word' id='word_1_59' title='bbox 819 1635 951 1707; x_wconf 87' lang='lat' dir='ltr'>ceteris</span> <span class='ocrx_word' id='word_1_60' title='bbox 967 1613 1114 1708; x_wconf 80' lang='lat' dir='ltr'>viderur</span> <span class='ocrx_word' id='word_1_61' title='bbox 1138 1636 1327 1712; x_wconf 86' lang='lat' dir='ltr'>dominari</span> <span class='ocrx_word' id='word_1_62' title='bbox 1349 1666 1391 1716; x_wconf 89' lang='lat' dir='ltr'>ac</span> <span class='ocrx_word' id='word_1_63' title='bbox 1408 1643 1553 1737; x_wconf 84' lang='lat' dir='ltr'>priores</span> <span class='ocrx_word' id='word_1_64' title='bbox 1574 1637 1790 1735; x_wconf 78' lang='lat' dir='ltr'><strong>complecti.</strong></span> <span class='ocrx_word' id='word_1_65' title='bbox 1842 1640 1942 1708; x_wconf 83' lang='lat' dir='ltr'>Natu</span> <span class='ocrx_word' id='word_1_66' title='bbox 1965 1635 2133 1733; x_wconf 81' lang='lat' dir='ltr'>sipertes</span> 
     </span>
     <span class='ocr_line' id='line_1_9' title="bbox 645 1741 654 1768; baseline 0 -1"><span class='ocrx_word' id='word_1_67' title='bbox 645 1741 654 1768; x_wconf 77' lang='lat' dir='ltr'>t</span> 
     </span>
    </p>
   </div>
   <div class='ocr_carea' id='block_1_4' title="bbox 538 1769 2187 2007">
    <p class='ocr_par' dir='ltr' id='par_1_4' title="bbox 538 1769 2187 2007">
     <span class='ocr_line' id='line_1_10' title="bbox 593 1769 2133 1872; baseline -0.003 -26"><span class='ocrx_word' id='word_1_68' title='bbox 593 1777 762 1846; x_wconf 87' lang='lat' dir='ltr'>internae</span> <span class='ocrx_word' id='word_1_69' title='bbox 791 1769 919 1840; x_wconf 87' lang='lat' dir='ltr'>minus</span> <span class='ocrx_word' id='word_1_70' title='bbox 948 1770 1012 1842; x_wconf 81' lang='lat' dir='ltr'>vel</span> <span class='ocrx_word' id='word_1_71' title='bbox 1042 1772 1141 1844; x_wconf 90' lang='lat' dir='ltr'>nihil</span> <span class='ocrx_word' id='word_1_72' title='bbox 1174 1776 1377 1864; x_wconf 81' lang='lat' dir='ltr'>laesionis,</span> <span class='ocrx_word' id='word_1_73' title='bbox 1415 1774 1579 1848; x_wconf 83' lang='lat' dir='ltr'>externis</span> <span class='ocrx_word' id='word_1_74' title='bbox 1604 1794 1830 1872; x_wconf 74' lang='lat' dir='ltr'>magnopere</span> <span class='ocrx_word' id='word_1_75' title='bbox 1853 1770 2028 1856; x_wconf 82' lang='lat' dir='ltr'>violatis,</span> <span class='ocrx_word' id='word_1_76' title='bbox 2068 1791 2133 1842; x_wconf 83' lang='lat' dir='ltr'>ex·</span> 
     </span>
     <span class='ocr_line' id='line_1_11' title="bbox 538 1889 2187 2007; baseline -0.001 -27"><span class='ocrx_word' id='word_1_77' title='bbox 538 1889 542 1906; x_wconf 58' lang='grc'><strong><em>’</em></strong></span> <span class='ocrx_word' id='word_1_78' title='bbox 593 1925 697 2007; x_wconf 86' lang='lat' dir='ltr'>perta</span> <span class='ocrx_word' id='word_1_79' title='bbox 723 1919 834 1986; x_wconf 88' lang='lat' dir='ltr'>sunt,</span> <span class='ocrx_word' id='word_1_80' title='bbox 872 1898 978 1994; x_wconf 90' lang='lat' dir='ltr'>quod</span> <span class='ocrx_word' id='word_1_81' title='bbox 995 1915 1036 1968; x_wconf 90' lang='lat' dir='ltr'>ut</span> <span class='ocrx_word' id='word_1_82' title='bbox 1053 1904 1151 1970; x_wconf 80' lang='lat' dir='ltr'>infra</span> <span class='ocrx_word' id='word_1_83' title='bbox 1172 1913 1410 1987; x_wconf 78' lang='lat' dir='ltr'>videbimus,</span> <span class='ocrx_word' id='word_1_84' title='bbox 1447 1910 1592 1972; x_wconf 73' lang='lat' dir='ltr'>verituri</span> <span class='ocrx_word' id='word_1_85' title='bbox 1614 1900 1807 2000; x_wconf 84' lang='lat' dir='ltr'>congruit,</span> <span class='ocrx_word' id='word_1_86' title='bbox 1836 1927 1882 1976; x_wconf 89' lang='lat' dir='ltr'>eo</span> <span class='ocrx_word' id='word_1_87' title='bbox 1899 1904 2027 1974; x_wconf 81' lang='lat' dir='ltr'>nrinus</span> <span class='ocrx_word' id='word_1_88' title='bbox 2046 1927 2133 2000; x_wconf 92' lang='lat' dir='ltr'>pro·</span> <span class='ocrx_word' id='word_1_89' title='bbox 2184 1971 2187 1978; x_wconf 90' lang='lat'><em>.</em></span> 
     </span>
    </p>
   </div>
   <div class='ocr_carea' id='block_1_5' title="bbox 485 2033 2228 4704">
    <p class='ocr_par' dir='ltr' id='par_1_5' title="bbox 485 2033 2228 3610">
     <span class='ocr_line' id='line_1_12' title="bbox 593 2033 2132 2132; baseline -0.004 -16"><span class='ocrx_word' id='word_1_90' title='bbox 593 2061 722 2116; x_wconf 87' lang='lat' dir='ltr'>cessus</span> <span class='ocrx_word' id='word_1_91' title='bbox 746 2033 1010 2132; x_wconf 82' lang='lat' dir='ltr'>pathologicus</span> <span class='ocrx_word' id='word_1_92' title='bbox 1030 2033 1206 2108; x_wconf 89' lang='lat' dir='ltr'>internus</span> <span class='ocrx_word' id='word_1_93' title='bbox 1222 2035 1347 2122; x_wconf 87' lang='lat' dir='ltr'>nasci,</span> <span class='ocrx_word' id='word_1_94' title='bbox 1373 2052 1410 2108; x_wconf 92' lang='lat' dir='ltr'>et</span> <span class='ocrx_word' id='word_1_95' title='bbox 1425 2033 1626 2121; x_wconf 85' lang='lat' dir='ltr'>humores,</span> <span class='ocrx_word' id='word_1_96' title='bbox 1662 2035 1858 2106; x_wconf 87' lang='lat' dir='ltr'>cerebrum</span> <span class='ocrx_word' id='word_1_97' title='bbox 1880 2033 2132 2110; x_wconf 84' lang='lat' dir='ltr'>membranas·</span> 
     </span>
     <span class='ocr_line' id='line_1_13' title="bbox 594 2153 2206 2276; baseline -0.002 -28"><span class='ocrx_word' id='word_1_98' title='bbox 594 2201 668 2276; x_wconf 90' lang='lat' dir='ltr'>que</span> <span class='ocrx_word' id='word_1_99' title='bbox 688 2173 903 2253; x_wconf 84' lang='lat' dir='ltr'>irritantes,</span> <span class='ocrx_word' id='word_1_100' title='bbox 935 2153 1117 2241; x_wconf 75' lang='lat' dir='ltr'>morbose</span> <span class='ocrx_word' id='word_1_101' title='bbox 1135 2171 1289 2243; x_wconf 85' lang='lat' dir='ltr'>excerni</span> <span class='ocrx_word' id='word_1_102' title='bbox 1309 2189 1347 2244; x_wconf 90' lang='lat' dir='ltr'>et</span> <span class='ocrx_word' id='word_1_103' title='bbox 1370 2172 1522 2268; x_wconf 83' lang='lat' dir='ltr'>colligi,</span> <span class='ocrx_word' id='word_1_104' title='bbox 1554 2193 1626 2240; x_wconf 90' lang='lat' dir='ltr'>nec</span> <span class='ocrx_word' id='word_1_105' title='bbox 1650 2192 1733 2245; x_wconf 87' lang='lat' dir='ltr'>uon</span> <span class='ocrx_word' id='word_1_106' title='bbox 1747 2169 1934 2242; x_wconf 80' lang='lat' dir='ltr'>laesiones</span> <span class='ocrx_word' id='word_1_107' title='bbox 1952 2170 2130 2258; x_wconf 84' lang='lat' dir='ltr'>internae,</span> <span class='ocrx_word' id='word_1_108' title='bbox 2191 2169 2206 2213; x_wconf 68' lang='lat'><em>³</em></span> 
     </span>
     <span class='ocr_line' id='line_1_14' title="bbox 594 2285 2126 2402; baseline -0.003 -21"><span class='ocrx_word' id='word_1_109' title='bbox 594 2337 683 2386; x_wconf 84' lang='lat' dir='ltr'>cunr</span> <span class='ocrx_word' id='word_1_110' title='bbox 712 2304 910 2387; x_wconf 86' lang='lat' dir='ltr'>deficiant,</span> <span class='ocrx_word' id='word_1_111' title='bbox 944 2301 1067 2400; x_wconf 84' lang='lat' dir='ltr'>detegi</span> <span class='ocrx_word' id='word_1_112' title='bbox 1097 2323 1273 2400; x_wconf 84' lang='lat' dir='ltr'>possunt.</span> <span class='ocrx_word' id='word_1_113' title='bbox 1307 2285 1396 2376; x_wconf 65' lang='lat' dir='ltr'>,sed</span> <span class='ocrx_word' id='word_1_114' title='bbox 1426 2327 1633 2402; x_wconf 84' lang='lat' dir='ltr'>ponamus,</span> <span class='ocrx_word' id='word_1_115' title='bbox 1676 2304 1806 2376; x_wconf 88' lang='lat' dir='ltr'>omnia</span> <span class='ocrx_word' id='word_1_116' title='bbox 1838 2304 1957 2378; x_wconf 83' lang='lat' dir='ltr'>sic·se</span> <span class='ocrx_word' id='word_1_117' title='bbox 1980 2303 2126 2398; x_wconf 74' lang='lat' dir='ltr'>babere,</span> 
     </span>
     <span class='ocr_line' id='line_1_15' title="bbox 595 2437 2228 2543; baseline -0.004 -26"><span class='ocrx_word' id='word_1_118' title='bbox 595 2441 805 2543; x_wconf 88' lang='lat' dir='ltr'>periculum</span> <span class='ocrx_word' id='word_1_119' title='bbox 834 2463 875 2510; x_wconf 82' lang='lat' dir='ltr'>ex</span> <span class='ocrx_word' id='word_1_120' title='bbox 896 2437 964 2524; x_wconf 87' lang='lat' dir='ltr'>iis,</span> <span class='ocrx_word' id='word_1_121' title='bbox 987 2461 1081 2535; x_wconf 90' lang='lat' dir='ltr'>quae</span> <span class='ocrx_word' id='word_1_122' title='bbox 1097 2440 1191 2512; x_wconf 89' lang='lat' dir='ltr'>ratio</span> <span class='ocrx_word' id='word_1_123' title='bbox 1210 2441 1331 2537; x_wconf 81' lang='lat' dir='ltr'>prima</span> <span class='ocrx_word' id='word_1_124' title='bbox 1346 2459 1384 2511; x_wconf 89' lang='lat' dir='ltr'>et</span> <span class='ocrx_word' id='word_1_125' title='bbox 1404 2441 1566 2514; x_wconf 84' lang='lat' dir='ltr'>secunda</span> <span class='ocrx_word' id='word_1_126' title='bbox 1583 2439 1840 2521; x_wconf 82' lang='lat' dir='ltr'>constituant,</span> <span class='ocrx_word' id='word_1_127' title='bbox 1859 2461 1945 2514; x_wconf 85' lang='lat' dir='ltr'>esse</span> <span class='ocrx_word' id='word_1_128' title='bbox 1960 2437 2127 2514; x_wconf 80' lang='lat' dir='ltr'>derivan·</span> <span class='ocrx_word' id='word_1_129' title='bbox 2225 2459 2228 2464; x_wconf 85' lang='lat'>·</span> 
     </span>
     <span class='ocr_line' id='line_1_16' title="bbox 497 2571 2132 2674; baseline -0.002 -26"><span class='ocrx_word' id='word_1_130' title='bbox 497 2597 502 2605; x_wconf 64' lang='lat'><strong><em>¹</em></strong></span> <span class='ocrx_word' id='word_1_131' title='bbox 595 2577 711 2660; x_wconf 82' lang='lat' dir='ltr'>dum,</span> <span class='ocrx_word' id='word_1_132' title='bbox 746 2597 805 2646; x_wconf 87' lang='lat' dir='ltr'>ars</span> <span class='ocrx_word' id='word_1_133' title='bbox 834 2571 1041 2674; x_wconf 74' lang='lat' dir='ltr'>chirurgica</span> <span class='ocrx_word' id='word_1_134' title='bbox 1074 2577 1164 2646; x_wconf 90' lang='lat' dir='ltr'>haec</span> <span class='ocrx_word' id='word_1_135' title='bbox 1191 2573 1459 2668; x_wconf 85' lang='lat' dir='ltr'>impedimenta</span> <span class='ocrx_word' id='word_1_136' title='bbox 1480 2575 1657 2650; x_wconf 83' lang='lat' dir='ltr'>facillime</span> <span class='ocrx_word' id='word_1_137' title='bbox 1675 2593 2048 2670; x_wconf 83' lang='lat' dir='ltr'>removere-posset,</span> <span class='ocrx_word' id='word_1_138' title='bbox 2080 2575 2132 2646; x_wconf 83' lang='lat' dir='ltr'>ita</span> 
     </span>
     <span class='ocr_line' id='line_1_17' title="bbox 594 2695 2131 2814; baseline -0.002 -31"><span class='ocrx_word' id='word_1_139' title='bbox 594 2695 640 2783; x_wconf 78' lang='lat' dir='ltr'>ut</span> <span class='ocrx_word' id='word_1_140' title='bbox 665 2710 711 2782; x_wconf 87' lang='lat' dir='ltr'>ad</span> <span class='ocrx_word' id='word_1_141' title='bbox 730 2711 913 2814; x_wconf 77' lang='lat' dir='ltr'>ltunaores</span> <span class='ocrx_word' id='word_1_142' title='bbox 931 2711 1120 2783; x_wconf 84' lang='lat' dir='ltr'>collectos</span> <span class='ocrx_word' id='word_1_143' title='bbox 1140 2695 1373 2782; x_wconf 82' lang='lat' dir='ltr'>emittendos</span> <span class='ocrx_word' id='word_1_144' title='bbox 1394 2727 1434 2782; x_wconf 88' lang='lat' dir='ltr'>et</span> <span class='ocrx_word' id='word_1_145' title='bbox 1445 2711 1541 2784; x_wconf 37' lang='lat' dir='ltr'>&#39;vitia</span> <span class='ocrx_word' id='word_1_146' title='bbox 1562 2712 1713 2783; x_wconf 87' lang='lat' dir='ltr'>interna</span> <span class='ocrx_word' id='word_1_147' title='bbox 1739 2707 1943 2808; x_wconf 85' lang='lat' dir='ltr'>detegenda</span> <span class='ocrx_word' id='word_1_148' title='bbox 1954 2695 2061 2780; x_wconf 74' lang='lat' dir='ltr'>visor</span> <span class='ocrx_word' id='word_1_149' title='bbox 2076 2731 2131 2780; x_wconf 83' lang='lat' dir='ltr'>er·</span> 
     </span>
     <span class='ocr_line' id='line_1_18' title="bbox 593 2827 2132 2948; baseline -0.002 -28"><span class='ocrx_word' id='word_1_150' title='bbox 593 2845 805 2930; x_wconf 79' lang='lat' dir='ltr'>tilicialem,</span> <span class='ocrx_word' id='word_1_151' title='bbox 836 2845 897 2914; x_wconf 88' lang='lat' dir='ltr'>uti</span> <span class='ocrx_word' id='word_1_152' title='bbox 931 2845 1043 2916; x_wconf 88' lang='lat' dir='ltr'>etiam</span> <span class='ocrx_word' id='word_1_153' title='bbox 1066 2845 1237 2929; x_wconf 57' lang='lat' dir='ltr'>,essolet,</span> <span class='ocrx_word' id='word_1_154' title='bbox 1281 2827 1451 2942; x_wconf 80' lang='lat' dir='ltr'>aperiret.</span> <span class='ocrx_word' id='word_1_155' title='bbox 1505 2855 1608 2948; x_wconf 82' lang='lat' dir='ltr'>Quae</span> <span class='ocrx_word' id='word_1_156' title='bbox 1642 2847 1862 2920; x_wconf 80' lang='lat' dir='ltr'>ellichtero</span> <span class='ocrx_word' id='word_1_157' title='bbox 1889 2845 2055 2940; x_wconf 86' lang='lat' dir='ltr'>prolatae</span> <span class='ocrx_word' id='word_1_158' title='bbox 2077 2868 2132 2918; x_wconf 80' lang='lat' dir='ltr'>re·</span> 
     </span>
     <span class='ocr_line' id='line_1_19' title="bbox 526 2978 2130 3076; baseline -0.001 -24"><span class='ocrx_word' id='word_1_159' title='bbox 526 2995 530 3003; x_wconf 89' lang='lat'><em>&#39;</em></span> <span class='ocrx_word' id='word_1_160' title='bbox 592 2981 740 3066; x_wconf 88' lang='lat' dir='ltr'>tiones,</span> <span class='ocrx_word' id='word_1_161' title='bbox 785 2979 817 3050; x_wconf 89' lang='lat' dir='ltr'>si</span> <span class='ocrx_word' id='word_1_162' title='bbox 847 2978 997 3051; x_wconf 86' lang='lat' dir='ltr'>veritati</span> <span class='ocrx_word' id='word_1_163' title='bbox 1023 3003 1064 3050; x_wconf 90' lang='lat' dir='ltr'>ac</span> <span class='ocrx_word' id='word_1_164' title='bbox 1096 2981 1239 3074; x_wconf 83' lang='lat' dir='ltr'>logicae</span> <span class='ocrx_word' id='word_1_165' title='bbox 1264 2999 1708 3067; x_wconf 82' lang='lat' dir='ltr'>essentconsentaneae,</span> <span class='ocrx_word' id='word_1_166' title='bbox 1744 2979 1905 3076; x_wconf 83' lang='lat' dir='ltr'>quisque</span> <span class='ocrx_word' id='word_1_167' title='bbox 1937 2979 2130 3076; x_wconf 82' lang='lat' dir='ltr'>chirurgus</span> 
     </span>
     <span class='ocr_line' id='line_1_20' title="bbox 591 3115 2132 3213; baseline -0.001 -27"><span class='ocrx_word' id='word_1_168' title='bbox 591 3115 739 3188; x_wconf 87' lang='lat' dir='ltr'>malum</span> <span class='ocrx_word' id='word_1_169' title='bbox 770 3135 953 3206; x_wconf 84' lang='lat' dir='ltr'>magnum</span> <span class='ocrx_word' id='word_1_170' title='bbox 983 3115 1157 3186; x_wconf 83' lang='lat' dir='ltr'>comitari</span> <span class='ocrx_word' id='word_1_171' title='bbox 1188 3115 1291 3187; x_wconf 89' lang='lat' dir='ltr'>aliud</span> <span class='ocrx_word' id='word_1_172' title='bbox 1320 3115 1441 3198; x_wconf 84' lang='lat' dir='ltr'>adhuc</span> <span class='ocrx_word' id='word_1_173' title='bbox 1467 3115 1635 3213; x_wconf 87' lang='lat' dir='ltr'>partium</span> <span class='ocrx_word' id='word_1_174' title='bbox 1666 3115 1850 3186; x_wconf 81' lang='lat' dir='ltr'>nimirum</span> <span class='ocrx_word' id='word_1_175' title='bbox 1882 3129 2132 3198; x_wconf 84' lang='lat' dir='ltr'>externarum,</span> 
     </span>
     <span class='ocr_line' id='line_1_21' title="bbox 590 3227 2133 3346; baseline 0.003 -28"><span class='ocrx_word' id='word_1_176' title='bbox 590 3241 779 3346; x_wconf 83' lang='lat' dir='ltr'>utillud,</span> <span class='ocrx_word' id='word_1_177' title='bbox 809 3243 950 3316; x_wconf 83' lang='lat' dir='ltr'>melius</span> <span class='ocrx_word' id='word_1_178' title='bbox 966 3249 1194 3340; x_wconf 82' lang='lat' dir='ltr'>cognitum,</span> <span class='ocrx_word' id='word_1_179' title='bbox 1220 3251 1317 3314; x_wconf 89' lang='lat' dir='ltr'>bene</span> <span class='ocrx_word' id='word_1_180' title='bbox 1337 3261 1463 3330; x_wconf 85' lang='lat' dir='ltr'>curet,</span> <span class='ocrx_word' id='word_1_181' title='bbox 1497 3259 1626 3337; x_wconf 84' lang='lat' dir='ltr'>optare</span> <span class='ocrx_word' id='word_1_182' title='bbox 1646 3247 1787 3317; x_wconf 85' lang='lat' dir='ltr'>debeat.</span> <span class='ocrx_word' id='word_1_183' title='bbox 1842 3227 2133 3344; x_wconf 50' lang='lat' dir='ltr'>Quam&#39;parcum</span> 
     </span>
     <span class='ocr_line' id='line_1_22' title="bbox 485 3375 2134 3478; baseline -0.008 -22"><span class='ocrx_word' id='word_1_184' title='bbox 485 3405 490 3414; x_wconf 88' lang='lat'><em>·</em></span> <span class='ocrx_word' id='word_1_185' title='bbox 591 3405 683 3456; x_wconf 88' lang='lat' dir='ltr'>vero</span> <span class='ocrx_word' id='word_1_186' title='bbox 707 3381 858 3454; x_wconf 88' lang='lat' dir='ltr'>lucrum</span> <span class='ocrx_word' id='word_1_187' title='bbox 881 3378 958 3449; x_wconf 87' lang='lat' dir='ltr'>hoc</span> <span class='ocrx_word' id='word_1_188' title='bbox 983 3376 1212 3454; x_wconf 84' lang='lat' dir='ltr'>desiderium</span> <span class='ocrx_word' id='word_1_189' title='bbox 1229 3375 1364 3462; x_wconf 83' lang='lat' dir='ltr'>ferret,</span> <span class='ocrx_word' id='word_1_190' title='bbox 1387 3377 1518 3449; x_wconf 85' lang='lat' dir='ltr'>omnis</span> <span class='ocrx_word' id='word_1_191' title='bbox 1534 3377 1753 3476; x_wconf 86' lang='lat' dir='ltr'>chirurgus,</span> <span class='ocrx_word' id='word_1_192' title='bbox 1785 3379 1857 3475; x_wconf 89' lang='lat' dir='ltr'>qui</span> <span class='ocrx_word' id='word_1_193' title='bbox 1878 3381 1950 3456; x_wconf 85' lang='lat' dir='ltr'>tale</span> <span class='ocrx_word' id='word_1_194' title='bbox 1966 3381 2055 3478; x_wconf 86' lang='lat' dir='ltr'>quid</span> <span class='ocrx_word' id='word_1_195' title='bbox 2071 3383 2134 3456; x_wconf 85' lang='lat' dir='ltr'>eb.</span> 
     </span>
     <span class='ocr_line' id='line_1_23' title="bbox 593 3511 1458 3610; baseline -0.009 -20"><span class='ocrx_word' id='word_1_196' title='bbox 593 3515 697 3590; x_wconf 87' lang='lat' dir='ltr'>surdi</span> <span class='ocrx_word' id='word_1_197' title='bbox 720 3529 849 3610; x_wconf 80' lang='lat' dir='ltr'>posset</span> <span class='ocrx_word' id='word_1_198' title='bbox 870 3527 1020 3607; x_wconf 89' lang='lat' dir='ltr'>optare,</span> <span class='ocrx_word' id='word_1_199' title='bbox 1041 3513 1193 3586; x_wconf 86' lang='lat' dir='ltr'>&#39;invitus</span> <span class='ocrx_word' id='word_1_200' title='bbox 1218 3511 1458 3610; x_wconf 73' lang='lat' dir='ltr'>intelligeret.</span> 
     </span>
    </p>

    <p class='ocr_par' dir='ltr' id='par_1_6' title="bbox 526 3639 2134 4152">
     <span class='ocr_line' id='line_1_24' title="bbox 691 3639 2132 3757; baseline -0.001 -32"><span class='ocrx_word' id='word_1_201' title='bbox 691 3659 852 3732; x_wconf 69' lang='lat' dir='ltr'>«Censet,</span> <span class='ocrx_word' id='word_1_202' title='bbox 889 3645 1008 3742; x_wconf 80' lang='lat' dir='ltr'>quae,</span> <span class='ocrx_word' id='word_1_203' title='bbox 1041 3647 1205 3720; x_wconf 79' lang='lat' dir='ltr'>extentis</span> <span class='ocrx_word' id='word_1_204' title='bbox 1229 3649 1401 3744; x_wconf 83' lang='lat' dir='ltr'>partibus</span> <span class='ocrx_word' id='word_1_205' title='bbox 1422 3647 1553 3720; x_wconf 86' lang='lat' dir='ltr'>minus</span> <span class='ocrx_word' id='word_1_206' title='bbox 1575 3648 1640 3720; x_wconf 82' lang='lat' dir='ltr'>vel</span> <span class='ocrx_word' id='word_1_207' title='bbox 1662 3671 1745 3720; x_wconf 93' lang='lat' dir='ltr'>non</span> <span class='ocrx_word' id='word_1_208' title='bbox 1765 3649 1916 3757; x_wconf 73' lang='lat' dir='ltr'>uiolatis</span> <span class='ocrx_word' id='word_1_209' title='bbox 1925 3639 2132 3736; x_wconf 76' lang='lat' dir='ltr'>,internis</span> 
     </span>
     <span class='ocr_line' id='line_1_25' title="bbox 593 3773 2131 3882; baseline 0.001 -23"><span class='ocrx_word' id='word_1_210' title='bbox 593 3783 713 3877; x_wconf 81' lang='lat' dir='ltr'>majus</span> <span class='ocrx_word' id='word_1_211' title='bbox 747 3783 948 3854; x_wconf 87' lang='lat' dir='ltr'>minitetur</span> <span class='ocrx_word' id='word_1_212' title='bbox 970 3773 1205 3878; x_wconf 80' lang='lat' dir='ltr'>periculum,</span> <span class='ocrx_word' id='word_1_213' title='bbox 1239 3785 1281 3857; x_wconf 93' lang='lat' dir='ltr'>in</span> <span class='ocrx_word' id='word_1_214' title='bbox 1303 3784 1422 3882; x_wconf 83' lang='lat' dir='ltr'>ipsius</span> <span class='ocrx_word' id='word_1_215' title='bbox 1447 3781 1626 3855; x_wconf 70' lang='lat' dir='ltr'>laeiionis</span> <span class='ocrx_word' id='word_1_216' title='bbox 1656 3785 1800 3857; x_wconf 89' lang='lat' dir='ltr'>ratione</span> <span class='ocrx_word' id='word_1_217' title='bbox 1826 3785 1950 3880; x_wconf 85' lang='lat' dir='ltr'>posita</span> <span class='ocrx_word' id='word_1_218' title='bbox 1970 3787 2131 3860; x_wconf 84' lang='lat' dir='ltr'>videtur.</span> 
     </span>
     <span class='ocr_line' id='line_1_26' title="bbox 594 3886 2134 4017; baseline 0 -24"><span class='ocrx_word' id='word_1_219' title='bbox 594 3925 747 4016; x_wconf 91' lang='lat' dir='ltr'>Corpus</span> <span class='ocrx_word' id='word_1_220' title='bbox 769 3917 955 3988; x_wconf 85' lang='lat' dir='ltr'>nimirum</span> <span class='ocrx_word' id='word_1_221' title='bbox 975 3919 1232 4017; x_wconf 86' lang='lat' dir='ltr'>quodcunque</span> <span class='ocrx_word' id='word_1_222' title='bbox 1250 3921 1319 3992; x_wconf 76' lang='lat' dir='ltr'>¹vel</span> <span class='ocrx_word' id='word_1_223' title='bbox 1337 3919 1383 3990; x_wconf 81' lang='lat' dir='ltr'>ed</span> <span class='ocrx_word' id='word_1_224' title='bbox 1403 3918 1714 4015; x_wconf 85' lang='lat' dir='ltr'>perpendiculum</span> <span class='ocrx_word' id='word_1_225' title='bbox 1732 3886 1794 3990; x_wconf 79' lang='lat' dir='ltr'>¹vel</span> <span class='ocrx_word' id='word_1_226' title='bbox 1818 3919 1974 4014; x_wconf 79' lang='lat' dir='ltr'>oblique</span> <span class='ocrx_word' id='word_1_227' title='bbox 1996 3921 2037 3992; x_wconf 93' lang='lat' dir='ltr'>in</span> <span class='ocrx_word' id='word_1_228' title='bbox 2057 3923 2134 4015; x_wconf 83' lang='lat' dir='ltr'>pla·</span> 
     </span>
     <span class='ocr_line' id='line_1_27' title="bbox 526 4024 2134 4152; baseline -0.003 -22"><span class='ocrx_word' id='word_1_229' title='bbox 526 4024 541 4052; x_wconf 43' lang='lat' dir='ltr'>l</span> <span class='ocrx_word' id='word_1_230' title='bbox 592 4079 701 4134; x_wconf 77' lang='lat' dir='ltr'>nuru</span> <span class='ocrx_word' id='word_1_231' title='bbox 714 4053 894 4150; x_wconf 84' lang='lat' dir='ltr'>quodque</span> <span class='ocrx_word' id='word_1_232' title='bbox 911 4055 1034 4148; x_wconf 78' lang='lat' dir='ltr'>cadit3</span> <span class='ocrx_word' id='word_1_233' title='bbox 1063 4079 1149 4150; x_wconf 71' lang='lat' dir='ltr'>¹quo</span> <span class='ocrx_word' id='word_1_234' title='bbox 1162 4055 1284 4152; x_wconf 80' lang='lat' dir='ltr'>magis</span> <span class='ocrx_word' id='word_1_235' title='bbox 1298 4081 1393 4128; x_wconf 82' lang='lat' dir='ltr'>vero</span> <span class='ocrx_word' id='word_1_236' title='bbox 1412 4071 1580 4125; x_wconf 88' lang='lat' dir='ltr'>centrum</span> <span class='ocrx_word' id='word_1_237' title='bbox 1593 4107 1603 4140; x_wconf 95' lang='lat'>,</span> <span class='ocrx_word' id='word_1_238' title='bbox 1629 4071 1673 4124; x_wconf 90' lang='lat' dir='ltr'>ut</span> <span class='ocrx_word' id='word_1_239' title='bbox 1689 4053 1817 4146; x_wconf 86' lang='lat' dir='ltr'>ajunt,</span> <span class='ocrx_word' id='word_1_240' title='bbox 1842 4053 1956 4149; x_wconf 90' lang='lat' dir='ltr'>petit,</span> <span class='ocrx_word' id='word_1_241' title='bbox 1982 4072 2021 4124; x_wconf 89' lang='lat' dir='ltr'>et</span> <span class='ocrx_word' id='word_1_242' title='bbox 2036 4053 2134 4125; x_wconf 82' lang='lat' dir='ltr'>delu-</span> 
     </span>
    </p>

    <p class='ocr_par' dir='ltr' id='par_1_7' title="bbox 564 4186 2157 4704">
     <span class='ocr_line' id='line_1_28' title="bbox 588 4186 2135 4286; baseline 0.001 -22"><span class='ocrx_word' id='word_1_243' title='bbox 588 4189 720 4266; x_wconf 85' lang='lat' dir='ltr'>bendo</span> <span class='ocrx_word' id='word_1_244' title='bbox 741 4191 932 4286; x_wconf 81' lang='lat' dir='ltr'>angulum</span> <span class='ocrx_word' id='word_1_245' title='bbox 944 4205 1090 4262; x_wconf 83' lang='lat' dir='ltr'>rectum</span> <span class='ocrx_word' id='word_1_246' title='bbox 1107 4215 1193 4262; x_wconf 88' lang='lat' dir='ltr'>cum</span> <span class='ocrx_word' id='word_1_247' title='bbox 1207 4191 1325 4286; x_wconf 82' lang='lat' dir='ltr'>plano</span> <span class='ocrx_word' id='word_1_248' title='bbox 1343 4186 1473 4276; x_wconf 88' lang='lat' dir='ltr'>efficit,</span> <span class='ocrx_word' id='word_1_249' title='bbox 1493 4213 1546 4262; x_wconf 82' lang='lat' dir='ltr'>eo</span> <span class='ocrx_word' id='word_1_250' title='bbox 1561 4189 1700 4282; x_wconf 83' lang='lat' dir='ltr'>majori</span> <span class='ocrx_word' id='word_1_251' title='bbox 1718 4189 1959 4264; x_wconf 44' lang='lat' dir='ltr'>*vehementia</span> <span class='ocrx_word' id='word_1_252' title='bbox 1987 4189 2135 4286; x_wconf 86' lang='lat' dir='ltr'>legibus</span> 
     </span>
     <span class='ocr_line' id='line_1_29' title="bbox 564 4319 2133 4424; baseline 0.002 -27"><span class='ocrx_word' id='word_1_253' title='bbox 564 4324 756 4424; x_wconf 75' lang='lat' dir='ltr'>‚&#39;plrysicis</span> <span class='ocrx_word' id='word_1_254' title='bbox 777 4324 938 4417; x_wconf 85' lang='lat' dir='ltr'>planum</span> <span class='ocrx_word' id='word_1_255' title='bbox 966 4325 1128 4406; x_wconf 69' lang='lat' dir='ltr'>incutita</span> <span class='ocrx_word' id='word_1_256' title='bbox 1161 4347 1239 4420; x_wconf 86' lang='lat' dir='ltr'>quo</span> <span class='ocrx_word' id='word_1_257' title='bbox 1259 4319 1461 4416; x_wconf 86' lang='lat' dir='ltr'>obliquius</span> <span class='ocrx_word' id='word_1_258' title='bbox 1485 4340 1522 4396; x_wconf 90' lang='lat' dir='ltr'>et</span> <span class='ocrx_word' id='word_1_259' title='bbox 1546 4347 1623 4420; x_wconf 89' lang='lat' dir='ltr'>quo</span> <span class='ocrx_word' id='word_1_260' title='bbox 1648 4325 1767 4422; x_wconf 78' lang='lat' dir='ltr'>magis</span> <span class='ocrx_word' id='word_1_261' title='bbox 1788 4323 1840 4396; x_wconf 83' lang='lat' dir='ltr'>ab</span> <span class='ocrx_word' id='word_1_262' title='bbox 1867 4326 2006 4420; x_wconf 69' lang='lat' dir='ltr'>ungulo</span> <span class='ocrx_word' id='word_1_263' title='bbox 2030 4343 2133 4399; x_wconf 85' lang='lat' dir='ltr'>recto</span> 
     </span>
     <span class='ocr_line' id='line_1_30' title="bbox 594 4457 2157 4566; baseline 0.003 -36"><span class='ocrx_word' id='word_1_264' title='bbox 594 4483 679 4532; x_wconf 85' lang='lat' dir='ltr'>cunr</span> <span class='ocrx_word' id='word_1_265' title='bbox 705 4459 824 4554; x_wconf 14' lang='lat' dir='ltr'>*plano</span> <span class='ocrx_word' id='word_1_266' title='bbox 853 4457 1043 4558; x_wconf 83' lang='lat' dir='ltr'>tangendo</span> <span class='ocrx_word' id='word_1_267' title='bbox 1068 4458 1236 4543; x_wconf 85' lang='lat' dir='ltr'>recedit,</span> <span class='ocrx_word' id='word_1_268' title='bbox 1269 4481 1321 4529; x_wconf 87' lang='lat' dir='ltr'>eo</span> <span class='ocrx_word' id='word_1_269' title='bbox 1347 4457 1481 4566; x_wconf 28' lang='lat' dir='ltr'>murus·</span> <span class='ocrx_word' id='word_1_270' title='bbox 1501 4483 1656 4554; x_wconf 90' lang='lat' dir='ltr'>quoque</span> <span class='ocrx_word' id='word_1_271' title='bbox 1684 4483 1818 4530; x_wconf 84' lang='lat' dir='ltr'>ornnes</span> <span class='ocrx_word' id='word_1_272' title='bbox 1840 4459 2012 4552; x_wconf 80' lang='lat' dir='ltr'>eorporis</span> <span class='ocrx_word' id='word_1_273' title='bbox 2034 4461 2157 4534; x_wconf 85' lang='lat' dir='ltr'>vires·</span> 
     </span>
     <span class='ocr_line' id='line_1_31' title="bbox 595 4591 2135 4704; baseline 0.003 -38"><span class='ocrx_word' id='word_1_274' title='bbox 595 4611 736 4668; x_wconf 88' lang='lat' dir='ltr'>coeunt</span> <span class='ocrx_word' id='word_1_275' title='bbox 750 4591 791 4664; x_wconf 92' lang='lat' dir='ltr'>in</span> <span class='ocrx_word' id='word_1_276' title='bbox 808 4619 934 4668; x_wconf 88' lang='lat' dir='ltr'>unum</span> <span class='ocrx_word' id='word_1_277' title='bbox 950 4597 1101 4681; x_wconf 87' lang='lat' dir='ltr'>locum,</span> <span class='ocrx_word' id='word_1_278' title='bbox 1122 4593 1191 4666; x_wconf 81' lang='lat' dir='ltr'>sed</span> <span class='ocrx_word' id='word_1_279' title='bbox 1204 4615 1291 4692; x_wconf 86' lang='lat' dir='ltr'>pars</span> <span class='ocrx_word' id='word_1_280' title='bbox 1304 4609 1458 4672; x_wconf 73' lang='lat' dir='ltr'>:tantum</span> <span class='ocrx_word' id='word_1_281' title='bbox 1475 4617 1563 4682; x_wconf 87' lang='lat' dir='ltr'>una,</span> <span class='ocrx_word' id='word_1_282' title='bbox 1574 4595 1698 4666; x_wconf 80' lang='lat' dir='ltr'>tineae</span> <span class='ocrx_word' id='word_1_283' title='bbox 1708 4611 1832 4668; x_wconf 84' lang='lat' dir='ltr'>rectae</span> <span class='ocrx_word' id='word_1_284' title='bbox 1847 4594 2036 4704; x_wconf 77' lang='lat' dir='ltr'>proxima,</span> <span class='ocrx_word' id='word_1_285' title='bbox 2049 4597 2135 4670; x_wconf 83' lang='lat' dir='ltr'>,vinr</span> 
     </span>
    </p>
   </div>
   <div class='ocr_carea' id='block_1_6' title="bbox 0 0 2390 5856">
    <p class='ocr_par' dir='ltr' id='par_1_8' title="bbox 0 0 2390 5856">
     <span class='ocr_line' id='line_1_32' title="bbox 0 0 2390 5856; baseline 0 0"><span class='ocrx_word' id='word_1_286' title='bbox 0 0 2390 5856; x_wconf 95' lang='lat' dir='ltr'> </span> 
     </span>
    </p>
   </div>
  </div>
 </body>
</html>
