4770 5856
909 653 961 678 ιι
1064 639 1084 708 3
1189 641 1244 674 b·

318 823 472 910 deinde,
500 839 545 894 ut
564 819 646 914 ejus
664 817 869 918 originem,
894 817 1114 934 decursum,
1128 821 1287 894 'nexum
1302 816 1522 916 exitumque
1545 815 1669 894 fusius
1687 827 1848 924 triplice.

253 1055 257 1064 .
314 985 405 1055 mus·
424 973 460 1030 et
482 959 665 1054 denique,
691 973 735 1026 tat
756 955 1038 1062 nonnullorum
1059 956 1161 1030 oculi
1179 955 1422 1042 morborum,
1446 955 1514 1052 qui
1529 953 1640 1030 facile
1656 962 1844 1042 confundi
1893 949 1898 955 ⁵
1980 983 1989 996 ⁴
2108 971 2114 982 ’

310 1113 350 1168 et
364 1093 529 1168 false-ad
556 1093 681 1168 dutum
705 1092 859 1190 possint
880 1089 1030 1187 referri,
1053 1105 1227 1172 naturam
1247 1115 1456 1192 eorumque
1471 1091 1571 1166 inter
1588 1117 1628 1168 se
1639 1094 1840 1177 discrimen
1942 1069 1945 1074 ,

309 1229 488 1304 distincte
518 1207 697 1302 eruamus.
1840 1199 1845 1206 ¹

434 1368 521 1438 Prae
544 1365 676 1438 ceteris
701 1381 849 1455 autem,
877 1372 973 1456 Vos,
1005 1369 1165 1442 lectores
1186 1365 1419 1454 doctissimi,
1443 1383 1487 1440 ut
1511 1367 1655 1444 virium
1673 1391 1840 1445 mearum

275 1468 568 1589 'juventutem
613 1499 801 1576 erroribus
836 1529 949 1602 quarn
979 1505 1143 1580 maxime
1179 1504 1389 1578 obnoxiam
1415 1502 1599 1602 omnique
1624 1501 1838 1583 destitutam
1912 1523 1914 1534 '

308 1635 556 1728 experientia,
596 1635 782 1710 benevole
810 1639 1031 1735 respiciatis,
1081 1664 1153 1714 uec
1173 1665 1256 1714 non
1281 1641 1355 1714 mei
1375 1639 1560 1736 primitias
1579 1631 1714 1726 studii,
1742 1667 1836 1738 quae

302 1767 402 1838 novi
423 1770 629 1868 quidquem
653 1771 774 1845 dicere
802 1787 927 1869 neque
953 1751 1118 1862 volunt,
1154 1787 1280 1875 neque
1302 1787 1481 1877 possunt,
1517 1779 1649 1852 Vestra
1674 1771 1836 1866 dignetis

304 1899 559 2000 indulgentia,
585 1909 830 1977 vehementer
847 1925 1000 1995 rogatos
1020 1919 1105 1970 esse
1124 1908 1251 1993 cupio.

902 2203 1241 2358 Caputl.

766 2455 995 2533 Morbi
1055 2455 1380 2530 historia.

418 2699 581 2774 loannes
606 2666 772 2770 Gottlieb
796 2704 833 2773 D
857 2749 869 2778 .
893 2751 904 2780 .
928 2751 937 2772 .
962 2686 1519 2784 ,xxxxv111annasnams,
1545 2701 1832 2794 temperamenti

298 2831 741 2928 sanguineo-cholerici,
801 2833 1162 2930 constitutionisque
1184 2813 1394 2920 robustae,
1420 2831 1615 2908 laboribus
1639 2832 1830 2931 gravibus,

294 2985 429 3060 magna
461 2963 638 3060 plaustris
663 2968 899 3064 imponendo
923 2964 1224 3061 deponendoque
1250 2991 1385 3061 onera,
1418 2968 1491 3044 sibi
1514 2968 1667 3066 suisque
1682 2966 1830 3043 victum

297 3097 496 3190 quaesivit,
573 3106 746 3176 Aetatem
763 3099 1062 3198 puerilensvixit
1078 3121 1215 3186 sanus,
1241 3116 1280 3170 et
1301 3075 1512 3190 morbillis,
1538 3101 1694 3177 variolis
1709 3101 1830 3178 tebra-

295 3255 369 3327 ,que
392 3231 664 3304 interminante
690 3236 930 3326 quotidiana,
956 3257 1031 3323 qua
1056 3257 1105 3314 ‚ear
1119 3239 1250 3302 XXet
1275 3234 1379 3322 quod
1401 3235 1564 3306 excurrit
1588 3229 1698 3306 annis
1719 3232 1829 3308 decu·

295 3365 444 3456 buerar,
470 3363 631 3438 feliciter
655 3365 859 3460 superatis,
884 3383 1143 3457 necunquam
1158 3337 1310 3432 narium
1329 3359 1650 3460 haemorrhagiae,
1677 3365 1828 3446 dolores

296 3501 425 3598 capitis
442 3501 706 3586 vehementes,
734 3501 938 3572 oculorum
953 3493 1288 3580 inflammationes,
1317 3515 1387 3566 nec
1410 3492 1514 3566 aliud
1528 3495 1702 3578 morbosi
1719 3504 1827 3600 quid.

294 3659 408 3735 quam
431 3607 624 3734 expertus,
641 3659 734 3708 non
759 3634 905 3733 potuit,
943 3633 1037 3732 quin
1059 3629 1277 3708 valetudine
1302 3653 1449 3728 semper
1474 3629 1653 3728 gauderet
1670 3637 1829 3737 optima,

292 3771 709 3882 Annismncccxvn.
730 3769 829 3844 festo
852 3770 1075 3859 Michaelis,
1101 3793 1178 3844 una
1200 3791 1289 3842 cum
1308 3767 1383 3840 alio
1401 3765 1575 3840 onerario
1602 3791 1699 3842 onus
1715 3773 1827 3870 quin-

294 3908 418 4006 gentis
442 3905 549 3978 libris
572 3907 724 4005 gravius
748 3909 919 4003 plaustro
939 3907 1164 3994 demissum,
1192 3928 1280 3978 eum
1302 3901 1657 3999 capiti'impositum
1679 3905 1828 3984 auferre

292 4045 405 4130 velit,
441 4043 579 4128 iatum,
619 4041 713 4138 pede
738 4043 886 4138 elapso,
919 4044 1095 4142 incaput
1119 4041 1337 4116 immissum
1368 4038 1442 4110 hoc
1467 4062 1580 4110 onere
1606 4027 1826 4136 perpetiiur.

294 4178 427 4252 Nihilo
453 4176 591 4264 secius,
626 4177 794 4252 laesione
822 4171 947 4273 neque
976 4180 1106 4276 eapitis
1135 4201 1258 4275 neque
1283 4173 1379 4249 alius
1403 4171 1574 4268 corporis
1596 4175 1712 4284 partis
1738 4177 1827 4252 inde

294 4322 550 4398 exorta,'non
572 4291 700 4384 solam
725 4313 802 4386 hec
819 4337 937 4400 onus,
962 4313 1038 4408 jam
1058 4313 1170 4411 capiti
1189 4308 1432 4407 impositum,
1458 4325 1650 4406 asportat3
1690 4337 1827 4392 verum

293 4447 406 4520 etiam
431 4472 499 4542 par
523 4445 688 4544 quinque
717 4447 838 4522 adhuc
867 4425 1092 4548 septimanas
1112 4465 1268 4550 operam
1293 4465 1408 4528 sanus
1429 4443 1573 4542 peragit
1594 4462 1825 4524 consuetam.
1942 4429 1947 4438 ⁶

290 4583 427 4654 Postea
451 4605 543 4658 vero
573 4581 621 4680 in
648 4583 801 4683 regione
835 4585 991 4682 capitis,
1039 4609 1134 4686 qua·
1150 4581 1272 4660 dextri
1301 4578 1426 4656 lateris
1448 4601 1492 4652 os
1517 4577 1720 4678 bregmatis
1748 4587 1827 4662 ossi
1897 4569 1902 4578 ’

1279 4725 1314 4780 ο
