<?xml version="1.0" encoding="UTF-8"?>
<!DOCTYPE html PUBLIC "-//W3C//DTD XHTML 1.0 Transitional//EN"
    "http://www.w3.org/TR/xhtml1/DTD/xhtml1-transitional.dtd">
<html xmlns="http://www.w3.org/1999/xhtml" xml:lang="en" lang="en">
 <head>
  <title>
</title>
<meta http-equiv="Content-Type" content="text/html;charset=utf-8" />
  <meta name='ocr-system' content='tesseract 3.04.00' />
  <meta name='ocr-capabilities' content='ocr_page ocr_carea ocr_par ocr_line ocrx_word'/>
</head>
<body>
  <div class='ocr_page' id='page_1' title='image "./commentatiopath00landgoog_0013.png"; bbox 0 0 4770 5856; ppageno 0'>
   <div class='ocr_carea' id='block_1_1' title="bbox 1162 617 1495 690">
    <p class='ocr_par' dir='ltr' id='par_1_1' title="bbox 1162 617 1495 690">
     <span class='ocr_line' id='line_1_1' title="bbox 1162 617 1495 690; baseline -0.012 -5"><span class='ocrx_word' id='word_1_1' title='bbox 1162 617 1343 690; x_wconf 56' lang='lat' dir='ltr'><strong>ura-&#39;2⁴</strong></span> <span class='ocrx_word' id='word_1_2' title='bbox 1442 651 1495 681; x_wconf 77' lang='grc' dir='ltr'><strong>ιιι</strong></span> 
     </span>
    </p>
   </div>
   <div class='ocr_carea' id='block_1_2' title="bbox 511 783 2168 1724">
    <p class='ocr_par' dir='ltr' id='par_1_2' title="bbox 511 783 2168 1589">
     <span class='ocr_line' id='line_1_2' title="bbox 563 783 2099 920; baseline -0.003 -33"><span class='ocrx_word' id='word_1_3' title='bbox 563 813 674 916; x_wconf 79' lang='lat' dir='ltr'><strong>signo</strong></span> <span class='ocrx_word' id='word_1_4' title='bbox 687 863 698 902; x_wconf 97' lang='lat'><strong>,</strong></span> <span class='ocrx_word' id='word_1_5' title='bbox 737 825 850 909; x_wconf 83' lang='lat' dir='ltr'><strong>aegro</strong></span> <span class='ocrx_word' id='word_1_6' title='bbox 875 804 1049 894; x_wconf 78' lang='lat' dir='ltr'><strong>vivente,</strong></span> <span class='ocrx_word' id='word_1_7' title='bbox 1089 801 1378 920; x_wconf 70' lang='lat' dir='ltr'><strong>manifestarius</strong></span> <span class='ocrx_word' id='word_1_8' title='bbox 1430 806 1564 882; x_wconf 89' lang='lat' dir='ltr'><strong>Tristis</strong></span> <span class='ocrx_word' id='word_1_9' title='bbox 1591 783 1629 881; x_wconf 79' lang='lat' dir='ltr'><strong>et</strong></span> <span class='ocrx_word' id='word_1_10' title='bbox 1658 808 1854 884; x_wconf 84' lang='lat' dir='ltr'><strong>scientiam</strong></span> <span class='ocrx_word' id='word_1_11' title='bbox 1881 831 1991 882; x_wconf 89' lang='lat' dir='ltr'><strong>suam</strong></span> <span class='ocrx_word' id='word_1_12' title='bbox 2017 829 2099 882; x_wconf 87' lang='lat' dir='ltr'><strong>esse</strong></span> 
     </span>
     <span class='ocr_line' id='line_1_3' title="bbox 561 935 2098 1046; baseline -0.005 -20"><span class='ocrx_word' id='word_1_13' title='bbox 561 973 736 1026; x_wconf 87' lang='lat' dir='ltr'><strong>mancam</strong></span> <span class='ocrx_word' id='word_1_14' title='bbox 756 945 974 1044; x_wconf 82' lang='lat' dir='ltr'><strong>intelligens</strong></span> <span class='ocrx_word' id='word_1_15' title='bbox 1000 942 1047 1016; x_wconf 91' lang='lat' dir='ltr'><strong>ab</strong></span> <span class='ocrx_word' id='word_1_16' title='bbox 1071 945 1140 1018; x_wconf 88' lang='lat' dir='ltr'><strong>hac</strong></span> <span class='ocrx_word' id='word_1_17' title='bbox 1165 970 1206 1021; x_wconf 89' lang='lat' dir='ltr'><strong>se</strong></span> <span class='ocrx_word' id='word_1_18' title='bbox 1229 945 1364 1020; x_wconf 79' lang='lat' dir='ltr'><strong>avertit</strong></span> <span class='ocrx_word' id='word_1_19' title='bbox 1390 935 1512 1046; x_wconf 73' lang='lat' dir='ltr'><strong>scena.</strong></span> <span class='ocrx_word' id='word_1_20' title='bbox 1580 943 1681 1042; x_wconf 83' lang='lat' dir='ltr'><strong>Quid</strong></span> <span class='ocrx_word' id='word_1_21' title='bbox 1703 941 1814 1016; x_wconf 68' lang='lat' dir='ltr'><strong>tum?</strong></span> <span class='ocrx_word' id='word_1_22' title='bbox 1860 951 1955 1022; x_wconf 84' lang='lat' dir='ltr'><strong>Cum</strong></span> <span class='ocrx_word' id='word_1_23' title='bbox 1971 945 2098 1043; x_wconf 90' lang='lat' dir='ltr'><strong>priora</strong></span> 
     </span>
     <span class='ocr_line' id='line_1_4' title="bbox 511 1073 2126 1182; baseline -0.005 -22"><span class='ocrx_word' id='word_1_24' title='bbox 511 1073 514 1084; x_wconf 66' lang='grc'><strong><em>’</em></strong></span> <span class='ocrx_word' id='word_1_25' title='bbox 564 1085 760 1170; x_wconf 89' lang='lat' dir='ltr'><strong>deficiant,</strong></span> <span class='ocrx_word' id='word_1_26' title='bbox 791 1081 837 1154; x_wconf 92' lang='lat' dir='ltr'><strong>ad</strong></span> <span class='ocrx_word' id='word_1_27' title='bbox 858 1081 1068 1180; x_wconf 81' lang='lat' dir='ltr'><strong>posteriora</strong></span> <span class='ocrx_word' id='word_1_28' title='bbox 1090 1079 1317 1182; x_wconf 82' lang='lat' dir='ltr'><strong>fugiendum</strong></span> <span class='ocrx_word' id='word_1_29' title='bbox 1336 1105 1415 1154; x_wconf 89' lang='lat' dir='ltr'><strong>esse</strong></span> <span class='ocrx_word' id='word_1_30' title='bbox 1435 1079 1672 1153; x_wconf 76' lang='lat' dir='ltr'><strong>arbitramur.</strong></span> <span class='ocrx_word' id='word_1_31' title='bbox 1724 1081 1848 1176; x_wconf 80' lang='lat' dir='ltr'><strong>Atque</strong></span> <span class='ocrx_word' id='word_1_32' title='bbox 1868 1079 2099 1156; x_wconf 80' lang='lat' dir='ltr'><strong>anatomiam</strong></span> <span class='ocrx_word' id='word_1_33' title='bbox 2121 1107 2126 1116; x_wconf 90' lang='lat'>·</span> 
     </span>
     <span class='ocr_line' id='line_1_5' title="bbox 561 1209 2100 1320; baseline -0.003 -25"><span class='ocrx_word' id='word_1_34' title='bbox 561 1218 846 1320; x_wconf 80' lang='lat' dir='ltr'><strong>pathologicam</strong></span> <span class='ocrx_word' id='word_1_35' title='bbox 874 1216 1087 1294; x_wconf 85' lang='lat' dir='ltr'><strong>uberrimos</strong></span> <span class='ocrx_word' id='word_1_36' title='bbox 1109 1217 1295 1316; x_wconf 86' lang='lat' dir='ltr'><strong>¹praebere</strong></span> <span class='ocrx_word' id='word_1_37' title='bbox 1324 1215 1471 1290; x_wconf 83' lang='lat' dir='ltr'><strong>fructus</strong></span> <span class='ocrx_word' id='word_1_38' title='bbox 1497 1209 1822 1314; x_wconf 81' lang='lat' dir='ltr'><strong>persuasissimum</strong></span> <span class='ocrx_word' id='word_1_39' title='bbox 1845 1215 1941 1286; x_wconf 91' lang='lat' dir='ltr'><strong>mihi</strong></span> <span class='ocrx_word' id='word_1_40' title='bbox 1964 1214 2100 1290; x_wconf 86' lang='lat' dir='ltr'><strong>habeo.</strong></span> 
     </span>
     <span class='ocr_line' id='line_1_6' title="bbox 563 1350 2168 1450; baseline -0.007 -19"><span class='ocrx_word' id='word_1_41' title='bbox 563 1363 667 1431; x_wconf 85' lang='lat' dir='ltr'><strong>llaec</strong></span> <span class='ocrx_word' id='word_1_42' title='bbox 687 1353 872 1426; x_wconf 90' lang='lat' dir='ltr'><strong>nimirum</strong></span> <span class='ocrx_word' id='word_1_43' title='bbox 897 1351 943 1425; x_wconf 85' lang='lat' dir='ltr'><strong>ad</strong></span> <span class='ocrx_word' id='word_1_44' title='bbox 968 1353 1164 1428; x_wconf 88' lang='lat' dir='ltr'><strong>scientiam</strong></span> <span class='ocrx_word' id='word_1_45' title='bbox 1187 1369 1356 1428; x_wconf 89' lang='lat' dir='ltr'><strong>nostram</strong></span> <span class='ocrx_word' id='word_1_46' title='bbox 1382 1350 1635 1450; x_wconf 77' lang='lat' dir='ltr'><strong>adjrrvandam</strong></span> <span class='ocrx_word' id='word_1_47' title='bbox 1651 1350 1789 1450; x_wconf 70' lang='lat' dir='ltr'><strong>magis,</strong></span> <span class='ocrx_word' id='word_1_48' title='bbox 1828 1375 1941 1448; x_wconf 89' lang='lat' dir='ltr'><strong>quam</strong></span> <span class='ocrx_word' id='word_1_49' title='bbox 1964 1371 2098 1422; x_wconf 89' lang='lat' dir='ltr'><strong>omnes</strong></span> <span class='ocrx_word' id='word_1_50' title='bbox 2162 1419 2168 1432; x_wconf 78' lang='grc'>,</span> 
     </span>
     <span class='ocr_line' id='line_1_7' title="bbox 562 1483 2101 1589; baseline -0.006 -23"><span class='ocrx_word' id='word_1_51' title='bbox 562 1515 586 1566; x_wconf 85' lang='lat' dir='ltr'><strong>a</strong></span> <span class='ocrx_word' id='word_1_52' title='bbox 626 1488 767 1589; x_wconf 84' lang='lat' dir='ltr'><strong>priori,</strong></span> <span class='ocrx_word' id='word_1_53' title='bbox 819 1503 865 1560; x_wconf 91' lang='lat' dir='ltr'><strong>ut</strong></span> <span class='ocrx_word' id='word_1_54' title='bbox 903 1485 1061 1577; x_wconf 90' lang='lat' dir='ltr'><strong>dicunt,</strong></span> <span class='ocrx_word' id='word_1_55' title='bbox 1113 1507 1286 1564; x_wconf 84' lang='lat' dir='ltr'><strong>naturae</strong></span> <span class='ocrx_word' id='word_1_56' title='bbox 1329 1488 1629 1562; x_wconf 80' lang='lat' dir='ltr'><strong>constructiones</strong></span> <span class='ocrx_word' id='word_1_57' title='bbox 1671 1486 1765 1559; x_wconf 89' lang='lat' dir='ltr'><strong>milri</strong></span> <span class='ocrx_word' id='word_1_58' title='bbox 1809 1483 1962 1559; x_wconf 79' lang='lat' dir='ltr'><strong>ridetur</strong></span> <span class='ocrx_word' id='word_1_59' title='bbox 2004 1501 2101 1580; x_wconf 85' lang='lat' dir='ltr'><strong>apta.</strong></span> 
     </span>
    </p>

    <p class='ocr_par' dir='ltr' id='par_1_3' title="bbox 561 1587 2101 1724">
     <span class='ocr_line' id='line_1_8' title="bbox 561 1587 2101 1724; baseline -0.006 -25"><span class='ocrx_word' id='word_1_60' title='bbox 561 1623 795 1702; x_wconf 85' lang='lat' dir='ltr'><strong>Multorum</strong></span> <span class='ocrx_word' id='word_1_61' title='bbox 813 1587 1003 1706; x_wconf 77' lang='lat' dir='ltr'><strong>malorum</strong></span> <span class='ocrx_word' id='word_1_62' title='bbox 1028 1624 1234 1724; x_wconf 82' lang='lat' dir='ltr'><strong>originem,</strong></span> <span class='ocrx_word' id='word_1_63' title='bbox 1279 1649 1390 1722; x_wconf 82' lang='lat' dir='ltr'><strong>aegro</strong></span> <span class='ocrx_word' id='word_1_64' title='bbox 1415 1623 1536 1695; x_wconf 88' lang='lat' dir='ltr'><strong>adhuc</strong></span> <span class='ocrx_word' id='word_1_65' title='bbox 1561 1625 1715 1699; x_wconf 80' lang='lat' dir='ltr'><strong>vivente</strong></span> <span class='ocrx_word' id='word_1_66' title='bbox 1729 1621 1752 1709; x_wconf 83' lang='grc'><strong>,“</strong></span> <span class='ocrx_word' id='word_1_67' title='bbox 1778 1621 1994 1718; x_wconf 85' lang='lat' dir='ltr'><strong>saepissima</strong></span> <span class='ocrx_word' id='word_1_68' title='bbox 2019 1633 2101 1690; x_wconf 87' lang='lat' dir='ltr'><strong>tan-</strong></span> 
     </span>
    </p>
   </div>
   <div class='ocr_carea' id='block_1_3' title="bbox 560 1753 2101 1990">
    <p class='ocr_par' dir='ltr' id='par_1_4' title="bbox 560 1753 2101 1990">
     <span class='ocr_line' id='line_1_9' title="bbox 560 1753 2101 1860; baseline -0.006 -26"><span class='ocrx_word' id='word_1_69' title='bbox 560 1761 764 1834; x_wconf 88' lang='lat' dir='ltr'><strong>tummodo</strong></span> <span class='ocrx_word' id='word_1_70' title='bbox 787 1757 1016 1846; x_wconf 88' lang='lat' dir='ltr'><strong>conjectare,</strong></span> <span class='ocrx_word' id='word_1_71' title='bbox 1054 1760 1137 1834; x_wconf 87' lang='lat' dir='ltr'><strong>imo</strong></span> <span class='ocrx_word' id='word_1_72' title='bbox 1165 1763 1278 1836; x_wconf 85' lang='lat' dir='ltr'><strong>etiarn</strong></span> <span class='ocrx_word' id='word_1_73' title='bbox 1302 1761 1503 1860; x_wconf 82' lang='lat' dir='ltr'><strong>diagnosin</strong></span> <span class='ocrx_word' id='word_1_74' title='bbox 1512 1777 1689 1840; x_wconf 86' lang='lat' dir='ltr'><strong>nostram</strong></span> <span class='ocrx_word' id='word_1_75' title='bbox 1710 1782 1760 1830; x_wconf 89' lang='lat' dir='ltr'><strong>ne</strong></span> <span class='ocrx_word' id='word_1_76' title='bbox 1775 1755 1822 1828; x_wconf 91' lang='lat' dir='ltr'><strong>ad</strong></span> <span class='ocrx_word' id='word_1_77' title='bbox 1839 1757 2002 1854; x_wconf 83' lang='lat' dir='ltr'><strong>aliquam</strong></span> <span class='ocrx_word' id='word_1_78' title='bbox 2021 1753 2101 1852; x_wconf 89' lang='lat' dir='ltr'><strong>qui·</strong></span> 
     </span>
     <span class='ocr_line' id='line_1_10' title="bbox 562 1889 2101 1990; baseline -0.007 -21"><span class='ocrx_word' id='word_1_79' title='bbox 562 1894 650 1968; x_wconf 92' lang='lat' dir='ltr'><strong>dem</strong></span> <span class='ocrx_word' id='word_1_80' title='bbox 664 1890 868 1990; x_wconf 88' lang='lat' dir='ltr'><strong>perducere</strong></span> <span class='ocrx_word' id='word_1_81' title='bbox 884 1907 1090 1984; x_wconf 87' lang='lat' dir='ltr'><strong>possumus</strong></span> <span class='ocrx_word' id='word_1_82' title='bbox 1112 1893 1428 1984; x_wconf 86' lang='lat' dir='ltr'><strong>probabilitatem.</strong></span> <span class='ocrx_word' id='word_1_83' title='bbox 1481 1902 1649 1986; x_wconf 76' lang='lat' dir='ltr'><strong>corpore</strong></span> <span class='ocrx_word' id='word_1_84' title='bbox 1667 1909 1793 1962; x_wconf 85' lang='lat' dir='ltr'><strong>autem</strong></span> <span class='ocrx_word' id='word_1_85' title='bbox 1810 1889 1995 1974; x_wconf 89' lang='lat' dir='ltr'><strong>dissecto,</strong></span> <span class='ocrx_word' id='word_1_86' title='bbox 2021 1911 2101 1960; x_wconf 90' lang='lat' dir='ltr'><strong>ma·</strong></span> 
     </span>
    </p>
   </div>
   <div class='ocr_carea' id='block_1_4' title="bbox 560 2020 2210 2120">
    <p class='ocr_par' dir='ltr' id='par_1_5' title="bbox 560 2020 2210 2120">
     <span class='ocr_line' id='line_1_11' title="bbox 560 2020 2210 2120; baseline -0.007 -16"><span class='ocrx_word' id='word_1_87' title='bbox 560 2031 645 2104; x_wconf 89' lang='lat' dir='ltr'><strong>lum</strong></span> <span class='ocrx_word' id='word_1_88' title='bbox 660 2025 707 2100; x_wconf 90' lang='lat' dir='ltr'><strong>ad</strong></span> <span class='ocrx_word' id='word_1_89' title='bbox 724 2023 891 2100; x_wconf 81' lang='lat' dir='ltr'><strong>fundum</strong></span> <span class='ocrx_word' id='word_1_90' title='bbox 905 2045 1027 2119; x_wconf 85' lang='lat' dir='ltr'><strong>usquc</strong></span> <span class='ocrx_word' id='word_1_91' title='bbox 1042 2020 1323 2120; x_wconf 83' lang='lat' dir='ltr'><strong>persequimur,</strong></span> <span class='ocrx_word' id='word_1_92' title='bbox 1350 2039 1387 2094; x_wconf 88' lang='lat' dir='ltr'><strong>ct</strong></span> <span class='ocrx_word' id='word_1_93' title='bbox 1401 2039 1494 2096; x_wconf 88' lang='lat' dir='ltr'><strong>tunc</strong></span> <span class='ocrx_word' id='word_1_94' title='bbox 1510 2023 1663 2106; x_wconf 89' lang='lat' dir='ltr'><strong>demum</strong></span> <span class='ocrx_word' id='word_1_95' title='bbox 1678 2023 1955 2100; x_wconf 72' lang='lat' dir='ltr'><strong>mutationibus,</strong></span> <span class='ocrx_word' id='word_1_96' title='bbox 1967 2025 2100 2118; x_wconf 88' lang='lat' dir='ltr'><strong>patho·</strong></span> <span class='ocrx_word' id='word_1_97' title='bbox 2205 2066 2210 2074; x_wconf 90' lang='lat'>·</span> 
     </span>
    </p>
   </div>
   <div class='ocr_carea' id='block_1_5' title="bbox 522 2154 2201 3603">
    <p class='ocr_par' dir='ltr' id='par_1_6' title="bbox 522 2154 2201 3603">
     <span class='ocr_line' id='line_1_12' title="bbox 559 2154 2098 2262; baseline -0.004 -27"><span class='ocrx_word' id='word_1_98' title='bbox 559 2163 694 2262; x_wconf 87' lang='lat' dir='ltr'><strong>logicis</strong></span> <span class='ocrx_word' id='word_1_99' title='bbox 724 2161 772 2234; x_wconf 81' lang='lat' dir='ltr'><strong>in</strong></span> <span class='ocrx_word' id='word_1_100' title='bbox 802 2155 973 2256; x_wconf 88' lang='lat' dir='ltr'><strong>partibus</strong></span> <span class='ocrx_word' id='word_1_101' title='bbox 1009 2154 1190 2242; x_wconf 82' lang='lat' dir='ltr'><strong>subinde,</strong></span> <span class='ocrx_word' id='word_1_102' title='bbox 1234 2181 1327 2254; x_wconf 87' lang='lat' dir='ltr'><strong>quoe</strong></span> <span class='ocrx_word' id='word_1_103' title='bbox 1357 2175 1528 2238; x_wconf 84' lang='lat' dir='ltr'><strong>nostram</strong></span> <span class='ocrx_word' id='word_1_104' title='bbox 1560 2162 1673 2258; x_wconf 85' lang='lat' dir='ltr'><strong>plane</strong></span> <span class='ocrx_word' id='word_1_105' title='bbox 1701 2157 1885 2259; x_wconf 84' lang='lat' dir='ltr'><strong>fugerunt</strong></span> <span class='ocrx_word' id='word_1_106' title='bbox 1912 2175 2098 2246; x_wconf 86' lang='lat' dir='ltr'><strong>mentem,</strong></span> 
     </span>
     <span class='ocr_line' id='line_1_13' title="bbox 561 2290 2201 2396; baseline -0.004 -26"><span class='ocrx_word' id='word_1_107' title='bbox 561 2296 733 2372; x_wconf 86' lang='lat' dir='ltr'><strong>inventis</strong></span> <span class='ocrx_word' id='word_1_108' title='bbox 756 2313 793 2366; x_wconf 83' lang='lat' dir='ltr'><strong>et</strong></span> <span class='ocrx_word' id='word_1_109' title='bbox 816 2293 931 2394; x_wconf 81' lang='lat' dir='ltr'><strong>signis</strong></span> <span class='ocrx_word' id='word_1_110' title='bbox 947 2290 1142 2378; x_wconf 89' lang='lat' dir='ltr'><strong>omnibus,</strong></span> <span class='ocrx_word' id='word_1_111' title='bbox 1178 2314 1273 2387; x_wconf 87' lang='lat' dir='ltr'><strong>quae</strong></span> <span class='ocrx_word' id='word_1_112' title='bbox 1299 2293 1512 2367; x_wconf 85' lang='lat' dir='ltr'><strong>cruciarunt</strong></span> <span class='ocrx_word' id='word_1_113' title='bbox 1537 2315 1753 2396; x_wconf 84' lang='lat' dir='ltr'><strong>aegrotum,</strong></span> <span class='ocrx_word' id='word_1_114' title='bbox 1780 2297 1875 2370; x_wconf 87' lang='lat' dir='ltr'><strong>bene</strong></span> <span class='ocrx_word' id='word_1_115' title='bbox 1902 2293 2095 2393; x_wconf 86' lang='lat' dir='ltr'><strong>perpensis</strong></span> <span class='ocrx_word' id='word_1_116' title='bbox 2197 2301 2201 2308; x_wconf 85' lang='lat'>&#39;</span> 
     </span>
     <span class='ocr_line' id='line_1_14' title="bbox 564 2426 2100 2536; baseline -0.001 -32"><span class='ocrx_word' id='word_1_117' title='bbox 564 2431 742 2506; x_wconf 86' lang='lat' dir='ltr'><strong>certiores</strong></span> <span class='ocrx_word' id='word_1_118' title='bbox 770 2427 883 2517; x_wconf 85' lang='lat' dir='ltr'><strong>facti,</strong></span> <span class='ocrx_word' id='word_1_119' title='bbox 942 2426 1076 2504; x_wconf 85' lang='lat' dir='ltr'><strong>futuro</strong></span> <span class='ocrx_word' id='word_1_120' title='bbox 1119 2443 1289 2536; x_wconf 82' lang='lat' dir='ltr'><strong>tempore</strong></span> <span class='ocrx_word' id='word_1_121' title='bbox 1336 2427 1515 2504; x_wconf 87' lang='lat' dir='ltr'><strong>morbum</strong></span> <span class='ocrx_word' id='word_1_122' title='bbox 1551 2433 1670 2530; x_wconf 84' lang='lat' dir='ltr'><strong>priori</strong></span> <span class='ocrx_word' id='word_1_123' title='bbox 1703 2433 1866 2506; x_wconf 88' lang='lat' dir='ltr'><strong>similem</strong></span> <span class='ocrx_word' id='word_1_124' title='bbox 1892 2431 1987 2503; x_wconf 88' lang='lat' dir='ltr'><strong>bene</strong></span> <span class='ocrx_word' id='word_1_125' title='bbox 2013 2453 2100 2530; x_wconf 61' lang='lat' dir='ltr'><strong>cogg</strong></span> 
     </span>
     <span class='ocr_line' id='line_1_15' title="bbox 561 2567 2093 2676; baseline -0.003 -37"><span class='ocrx_word' id='word_1_126' title='bbox 561 2591 720 2676; x_wconf 80' lang='lat' dir='ltr'><strong>noscere</strong></span> <span class='ocrx_word' id='word_1_127' title='bbox 738 2584 775 2638; x_wconf 85' lang='lat' dir='ltr'><strong>et</strong></span> <span class='ocrx_word' id='word_1_128' title='bbox 789 2583 888 2639; x_wconf 87' lang='lat' dir='ltr'><strong>recte</strong></span> <span class='ocrx_word' id='word_1_129' title='bbox 906 2567 1116 2662; x_wconf 84' lang='lat' dir='ltr'><strong>poterimus</strong></span> <span class='ocrx_word' id='word_1_130' title='bbox 1141 2587 1282 2638; x_wconf 86' lang='lat' dir='ltr'><strong>sanare</strong></span> <span class='ocrx_word' id='word_1_131' title='bbox 1333 2571 1459 2664; x_wconf 82' lang='lat' dir='ltr'><strong>Atque</strong></span> <span class='ocrx_word' id='word_1_132' title='bbox 1478 2569 1573 2644; x_wconf 89' lang='lat' dir='ltr'><strong>hanc</strong></span> <span class='ocrx_word' id='word_1_133' title='bbox 1592 2569 1745 2666; x_wconf 87' lang='lat' dir='ltr'><strong>quidem</strong></span> <span class='ocrx_word' id='word_1_134' title='bbox 1763 2569 1952 2641; x_wconf 82' lang='lat' dir='ltr'><strong>materiem</strong></span> <span class='ocrx_word' id='word_1_135' title='bbox 1971 2587 2093 2638; x_wconf 85' lang='lat' dir='ltr'><strong>meum</strong></span> 
     </span>
     <span class='ocr_line' id='line_1_16' title="bbox 560 2666 2095 2804; baseline -0.003 -31"><span class='ocrx_word' id='word_1_136' title='bbox 560 2700 604 2773; x_wconf 92' lang='lat' dir='ltr'><strong>in</strong></span> <span class='ocrx_word' id='word_1_137' title='bbox 627 2666 754 2774; x_wconf 83' lang='lat' dir='ltr'><strong>finem</strong></span> <span class='ocrx_word' id='word_1_138' title='bbox 767 2701 880 2800; x_wconf 85' lang='lat' dir='ltr'><strong>elegi,</strong></span> <span class='ocrx_word' id='word_1_139' title='bbox 922 2725 1005 2773; x_wconf 91' lang='lat' dir='ltr'><strong>non</strong></span> <span class='ocrx_word' id='word_1_140' title='bbox 1037 2701 1165 2773; x_wconf 88' lang='lat' dir='ltr'><strong>solnm</strong></span> <span class='ocrx_word' id='word_1_141' title='bbox 1190 2699 1296 2797; x_wconf 90' lang='lat' dir='ltr'><strong>quod</strong></span> <span class='ocrx_word' id='word_1_142' title='bbox 1325 2701 1428 2776; x_wconf 88' lang='lat' dir='ltr'><strong>lricce</strong></span> <span class='ocrx_word' id='word_1_143' title='bbox 1465 2727 1570 2778; x_wconf 91' lang='lat' dir='ltr'><strong>casus</strong></span> <span class='ocrx_word' id='word_1_144' title='bbox 1596 2706 1856 2804; x_wconf 81' lang='lat' dir='ltr'><strong>pathologr&#39;cus</strong></span> <span class='ocrx_word' id='word_1_145' title='bbox 1879 2687 2017 2774; x_wconf 80' lang='lat' dir='ltr'><strong>cerebri</strong></span> <span class='ocrx_word' id='word_1_146' title='bbox 2040 2697 2095 2770; x_wconf 87' lang='lat' dir='ltr'><strong>ri·</strong></span> 
     </span>
     <span class='ocr_line' id='line_1_17' title="bbox 522 2833 2095 2938; baseline -0.002 -32"><span class='ocrx_word' id='word_1_147' title='bbox 522 2845 531 2852; x_wconf 87' lang='lat'><strong>&#39;</strong></span> <span class='ocrx_word' id='word_1_148' title='bbox 561 2835 660 2909; x_wconf 88' lang='lat' dir='ltr'><strong>tium</strong></span> <span class='ocrx_word' id='word_1_149' title='bbox 694 2835 807 2912; x_wconf 84' lang='lat' dir='ltr'><strong>nobis</strong></span> <span class='ocrx_word' id='word_1_150' title='bbox 838 2835 1024 2922; x_wconf 85' lang='lat' dir='ltr'><strong>ostendit,</strong></span> <span class='ocrx_word' id='word_1_151' title='bbox 1064 2836 1358 2926; x_wconf 85' lang='lat' dir='ltr'><strong>verumetiam,</strong></span> <span class='ocrx_word' id='word_1_152' title='bbox 1395 2839 1502 2935; x_wconf 90' lang='lat' dir='ltr'><strong>quod</strong></span> <span class='ocrx_word' id='word_1_153' title='bbox 1535 2844 1693 2919; x_wconf 84' lang='lat' dir='ltr'><strong>maxime</strong></span> <span class='ocrx_word' id='word_1_154' title='bbox 1723 2839 1962 2938; x_wconf 87' lang='lat' dir='ltr'><strong>complicitus</strong></span> <span class='ocrx_word' id='word_1_155' title='bbox 1991 2833 2095 2908; x_wconf 91' lang='lat' dir='ltr'><strong>oculi</strong></span> 
     </span>
     <span class='ocr_line' id='line_1_18' title="bbox 560 2943 2095 3068; baseline 0 -26"><span class='ocrx_word' id='word_1_156' title='bbox 560 2969 700 3044; x_wconf 89' lang='lat' dir='ltr'><strong>morbo</strong></span> <span class='ocrx_word' id='word_1_157' title='bbox 716 2973 887 3068; x_wconf 79' lang='lat' dir='ltr'><strong>praebuit</strong></span> <span class='ocrx_word' id='word_1_158' title='bbox 903 2993 1050 3058; x_wconf 87' lang='lat' dir='ltr'><strong>ansam,</strong></span> <span class='ocrx_word' id='word_1_159' title='bbox 1087 2987 1200 3064; x_wconf 87' lang='lat' dir='ltr'><strong>atque</strong></span> <span class='ocrx_word' id='word_1_160' title='bbox 1225 2969 1292 3039; x_wconf 88' lang='lat' dir='ltr'><strong>hac</strong></span> <span class='ocrx_word' id='word_1_161' title='bbox 1308 2971 1454 3043; x_wconf 84' lang='lat' dir='ltr'><strong>ratione</strong></span> <span class='ocrx_word' id='word_1_162' title='bbox 1469 2977 1726 3062; x_wconf 86' lang='lat' dir='ltr'><strong>occasionem,</strong></span> <span class='ocrx_word' id='word_1_163' title='bbox 1754 2943 2095 3046; x_wconf 84' lang='lat' dir='ltr'><strong>animadversiones</strong></span> 
     </span>
     <span class='ocr_line' id='line_1_19' title="bbox 559 3101 2094 3208; baseline -0.001 -32"><span class='ocrx_word' id='word_1_164' title='bbox 559 3105 769 3176; x_wconf 83' lang='lat' dir='ltr'><strong>nonnullas</strong></span> <span class='ocrx_word' id='word_1_165' title='bbox 797 3124 834 3176; x_wconf 90' lang='lat' dir='ltr'><strong>et</strong></span> <span class='ocrx_word' id='word_1_166' title='bbox 853 3105 898 3175; x_wconf 90' lang='lat' dir='ltr'><strong>de</strong></span> <span class='ocrx_word' id='word_1_167' title='bbox 921 3104 1014 3178; x_wconf 89' lang='lat' dir='ltr'><strong>dato.</strong></span> <span class='ocrx_word' id='word_1_168' title='bbox 1026 3104 1112 3198; x_wconf 89' lang='lat' dir='ltr'><strong>ipso</strong></span> <span class='ocrx_word' id='word_1_169' title='bbox 1129 3101 1233 3174; x_wconf 89' lang='lat' dir='ltr'><strong>oculi</strong></span> <span class='ocrx_word' id='word_1_170' title='bbox 1246 3101 1380 3176; x_wconf 92' lang='lat' dir='ltr'><strong>morbo</strong></span> <span class='ocrx_word' id='word_1_171' title='bbox 1397 3122 1434 3176; x_wconf 91' lang='lat' dir='ltr'><strong>et</strong></span> <span class='ocrx_word' id='word_1_172' title='bbox 1449 3105 1495 3175; x_wconf 89' lang='lat' dir='ltr'><strong>de</strong></span> <span class='ocrx_word' id='word_1_173' title='bbox 1513 3107 1596 3182; x_wconf 88' lang='lat' dir='ltr'><strong>aliis</strong></span> <span class='ocrx_word' id='word_1_174' title='bbox 1616 3112 1760 3208; x_wconf 88' lang='lat' dir='ltr'><strong>aliquot</strong></span> <span class='ocrx_word' id='word_1_175' title='bbox 1778 3109 1978 3182; x_wconf 87' lang='lat' dir='ltr'><strong>oculorum</strong></span> <span class='ocrx_word' id='word_1_176' title='bbox 1994 3127 2094 3175; x_wconf 89' lang='lat' dir='ltr'><strong>mor·</strong></span> 
     </span>
     <span class='ocr_line' id='line_1_20' title="bbox 559 3235 2096 3338; baseline 0.001 -29"><span class='ocrx_word' id='word_1_177' title='bbox 559 3237 620 3310; x_wconf 88' lang='lat' dir='ltr'><strong>bis</strong></span> <span class='ocrx_word' id='word_1_178' title='bbox 645 3237 831 3312; x_wconf 86' lang='lat' dir='ltr'><strong>similibus</strong></span> <span class='ocrx_word' id='word_1_179' title='bbox 853 3235 1072 3333; x_wconf 81' lang='lat' dir='ltr'><strong>proferendi</strong></span> <span class='ocrx_word' id='word_1_180' title='bbox 1092 3235 1245 3326; x_wconf 80' lang='lat' dir='ltr'><strong>praebet</strong></span> <span class='ocrx_word' id='word_1_181' title='bbox 1261 3235 1534 3307; x_wconf 69' lang='lat' dir='ltr'><strong>felicissimam.</strong></span> <span class='ocrx_word' id='word_1_182' title='bbox 1589 3249 1815 3338; x_wconf 77' lang='lat' dir='ltr'><strong>Quanquam</strong></span> <span class='ocrx_word' id='word_1_183' title='bbox 1842 3242 1943 3312; x_wconf 90' lang='lat' dir='ltr'><strong>eninr</strong></span> <span class='ocrx_word' id='word_1_184' title='bbox 1967 3237 2096 3336; x_wconf 85' lang='lat' dir='ltr'><strong>negari</strong></span> 
     </span>
     <span class='ocr_line' id='line_1_21' title="bbox 558 3364 2094 3469; baseline -0.002 -24"><span class='ocrx_word' id='word_1_185' title='bbox 558 3397 641 3446; x_wconf 86' lang='lat' dir='ltr'><strong>non</strong></span> <span class='ocrx_word' id='word_1_186' title='bbox 668 3389 815 3469; x_wconf 87' lang='lat' dir='ltr'><strong>potest,</strong></span> <span class='ocrx_word' id='word_1_187' title='bbox 860 3369 958 3441; x_wconf 87' lang='lat' dir='ltr'><strong>hanc</strong></span> <span class='ocrx_word' id='word_1_188' title='bbox 986 3364 1162 3441; x_wconf 80' lang='lat' dir='ltr'><strong>scientiae</strong></span> <span class='ocrx_word' id='word_1_189' title='bbox 1193 3380 1336 3459; x_wconf 85' lang='lat' dir='ltr'><strong>partem</strong></span> <span class='ocrx_word' id='word_1_190' title='bbox 1359 3381 1496 3439; x_wconf 87' lang='lat' dir='ltr'><strong>nostro</strong></span> <span class='ocrx_word' id='word_1_191' title='bbox 1523 3385 1713 3467; x_wconf 88' lang='lat' dir='ltr'><strong>temporo,</strong></span> <span class='ocrx_word' id='word_1_192' title='bbox 1758 3400 1844 3448; x_wconf 87' lang='lat' dir='ltr'><strong>cura</strong></span> <span class='ocrx_word' id='word_1_193' title='bbox 1871 3370 2094 3443; x_wconf 88' lang='lat' dir='ltr'><strong>morborum</strong></span> 
     </span>
     <span class='ocr_line' id='line_1_22' title="bbox 557 3495 2092 3603; baseline 0.001 -21"><span class='ocrx_word' id='word_1_194' title='bbox 557 3505 903 3603; x_wconf 82' lang='lat' dir='ltr'><strong>ophthalmiconurr</strong></span> <span class='ocrx_word' id='word_1_195' title='bbox 929 3502 1113 3601; x_wconf 78' lang='lat' dir='ltr'><strong>chirurgia</strong></span> <span class='ocrx_word' id='word_1_196' title='bbox 1138 3495 1358 3594; x_wconf 71' lang='lat' dir='ltr'><strong>imperitis„</strong></span> <span class='ocrx_word' id='word_1_197' title='bbox 1378 3501 1446 3595; x_wconf 90' lang='lat' dir='ltr'><strong>qui</strong></span> <span class='ocrx_word' id='word_1_198' title='bbox 1469 3503 1553 3574; x_wconf 90' lang='lat' dir='ltr'><strong>rudi</strong></span> <span class='ocrx_word' id='word_1_199' title='bbox 1575 3504 1692 3580; x_wconf 79' lang='lat' dir='ltr'><strong>manu</strong></span> <span class='ocrx_word' id='word_1_200' title='bbox 1713 3513 1811 3583; x_wconf 85' lang='lat' dir='ltr'><strong>mala</strong></span> <span class='ocrx_word' id='word_1_201' title='bbox 1831 3529 1985 3586; x_wconf 87' lang='lat' dir='ltr'><strong>tractare</strong></span> <span class='ocrx_word' id='word_1_202' title='bbox 2002 3535 2092 3585; x_wconf 89' lang='lat' dir='ltr'><strong>corr-</strong></span> 
     </span>
    </p>
   </div>
   <div class='ocr_carea' id='block_1_6' title="bbox 559 3633 2197 3736">
    <p class='ocr_par' dir='ltr' id='par_1_7' title="bbox 559 3633 2197 3736">
     <span class='ocr_line' id='line_1_23' title="bbox 559 3633 2197 3736; baseline 0.004 -22"><span class='ocrx_word' id='word_1_203' title='bbox 559 3659 778 3728; x_wconf 80' lang='lat' dir='ltr'><strong>sueverant,</strong></span> <span class='ocrx_word' id='word_1_204' title='bbox 819 3639 1039 3736; x_wconf 86' lang='lat' dir='ltr'><strong>vetulisque</strong></span> <span class='ocrx_word' id='word_1_205' title='bbox 1071 3633 1212 3734; x_wconf 84' lang='lat' dir='ltr'><strong>ignaris</strong></span> <span class='ocrx_word' id='word_1_206' title='bbox 1245 3649 1416 3722; x_wconf 83' lang='lat' dir='ltr'><strong>extorta,</strong></span> <span class='ocrx_word' id='word_1_207' title='bbox 1460 3639 1609 3712; x_wconf 90' lang='lat' dir='ltr'><strong>meliori</strong></span> <span class='ocrx_word' id='word_1_208' title='bbox 1641 3643 1810 3715; x_wconf 87' lang='lat' dir='ltr'><strong>culturae</strong></span> <span class='ocrx_word' id='word_1_209' title='bbox 1834 3665 1953 3731; x_wconf 88' lang='lat' dir='ltr'><strong>statu,</strong></span> <span class='ocrx_word' id='word_1_210' title='bbox 2001 3671 2091 3720; x_wconf 86' lang='lat' dir='ltr'><strong>cum</strong></span> <span class='ocrx_word' id='word_1_211' title='bbox 2191 3695 2197 3709; x_wconf 80' lang='lat'><em>.</em></span> 
     </span>
    </p>
   </div>
   <div class='ocr_carea' id='block_1_7' title="bbox 555 3763 2113 4314">
    <p class='ocr_par' dir='ltr' id='par_1_8' title="bbox 555 3763 2113 4145">
     <span class='ocr_line' id='line_1_24' title="bbox 557 3763 2113 3878; baseline 0.003 -28"><span class='ocrx_word' id='word_1_212' title='bbox 557 3775 650 3864; x_wconf 67' lang='lat' dir='ltr'><strong>riri,</strong></span> <span class='ocrx_word' id='word_1_213' title='bbox 675 3799 823 3850; x_wconf 84' lang='lat' dir='ltr'><strong>summa</strong></span> <span class='ocrx_word' id='word_1_214' title='bbox 840 3771 1012 3846; x_wconf 85' lang='lat' dir='ltr'><strong>doctrina</strong></span> <span class='ocrx_word' id='word_1_215' title='bbox 1026 3765 1219 3852; x_wconf 87' lang='lat' dir='ltr'><strong>instructi,</strong></span> <span class='ocrx_word' id='word_1_216' title='bbox 1239 3768 1451 3842; x_wconf 78' lang='lat' dir='ltr'><strong>maximam</strong></span> <span class='ocrx_word' id='word_1_217' title='bbox 1460 3774 1493 3848; x_wconf 88' lang='lat' dir='ltr'><strong>ei</strong></span> <span class='ocrx_word' id='word_1_218' title='bbox 1509 3795 1694 3850; x_wconf 85' lang='lat' dir='ltr'><strong>navarent</strong></span> <span class='ocrx_word' id='word_1_219' title='bbox 1710 3804 1881 3876; x_wconf 86' lang='lat' dir='ltr'><strong>operam,</strong></span> <span class='ocrx_word' id='word_1_220' title='bbox 1909 3763 2088 3878; x_wconf 81' lang='lat' dir='ltr'><strong>gaudere3</strong></span> <span class='ocrx_word' id='word_1_221' title='bbox 2108 3781 2113 3786; x_wconf 78' lang='grc'><strong>’</strong></span> 
     </span>
     <span class='ocr_line' id='line_1_25' title="bbox 555 3901 2086 4002; baseline 0.004 -20"><span class='ocrx_word' id='word_1_222' title='bbox 555 3919 698 3984; x_wconf 85' lang='lat' dir='ltr'><strong>r&#39;estant</strong></span> <span class='ocrx_word' id='word_1_223' title='bbox 730 3927 857 3987; x_wconf 88' lang='lat' dir='ltr'><strong>tamen</strong></span> <span class='ocrx_word' id='word_1_224' title='bbox 888 3905 1032 3990; x_wconf 86' lang='lat' dir='ltr'><strong>multa,</strong></span> <span class='ocrx_word' id='word_1_225' title='bbox 1075 3925 1170 4000; x_wconf 87' lang='lat' dir='ltr'><strong>quae</strong></span> <span class='ocrx_word' id='word_1_226' title='bbox 1197 3901 1429 4002; x_wconf 86' lang='lat' dir='ltr'><strong>diligentiori</strong></span> <span class='ocrx_word' id='word_1_227' title='bbox 1458 3911 1668 3985; x_wconf 84' lang='lat' dir='ltr'><strong>eruditione</strong></span> <span class='ocrx_word' id='word_1_228' title='bbox 1698 3937 1740 3984; x_wconf 86' lang='lat' dir='ltr'><strong>ac</strong></span> <span class='ocrx_word' id='word_1_229' title='bbox 1774 3929 1928 3985; x_wconf 88' lang='lat' dir='ltr'><strong>strenuo</strong></span> <span class='ocrx_word' id='word_1_230' title='bbox 1958 3917 2086 3988; x_wconf 89' lang='lat' dir='ltr'><strong>studio</strong></span> 
     </span>
     <span class='ocr_line' id='line_1_26' title="bbox 556 4040 2088 4148; baseline 0.007 -32"><span class='ocrx_word' id='word_1_231' title='bbox 556 4069 673 4143; x_wconf 88' lang='lat' dir='ltr'><strong>quam</strong></span> <span class='ocrx_word' id='word_1_232' title='bbox 701 4047 865 4118; x_wconf 80' lang='lat' dir='ltr'><strong>maxime</strong></span> <span class='ocrx_word' id='word_1_233' title='bbox 895 4055 1040 4140; x_wconf 84' lang='lat' dir='ltr'><strong>egeant.</strong></span> <span class='ocrx_word' id='word_1_234' title='bbox 1104 4041 1235 4134; x_wconf 86' lang='lat' dir='ltr'><strong>ltaque</strong></span> <span class='ocrx_word' id='word_1_235' title='bbox 1261 4040 1374 4114; x_wconf 88' lang='lat' dir='ltr'><strong>etiam</strong></span> <span class='ocrx_word' id='word_1_236' title='bbox 1400 4043 1659 4145; x_wconf 74' lang='lat' dir='ltr'><strong>cujustunque</strong></span> <span class='ocrx_word' id='word_1_237' title='bbox 1687 4071 1764 4119; x_wconf 85' lang='lat' dir='ltr'><strong>esse</strong></span> <span class='ocrx_word' id='word_1_238' title='bbox 1791 4047 1885 4118; x_wconf 90' lang='lat' dir='ltr'><strong>milri</strong></span> <span class='ocrx_word' id='word_1_239' title='bbox 1914 4049 2088 4148; x_wconf 83' lang='lat' dir='ltr'><strong>videtur,</strong></span> 
     </span>
    </p>

    <p class='ocr_par' dir='ltr' id='par_1_9' title="bbox 555 4171 2087 4314">
     <span class='ocr_line' id='line_1_27' title="bbox 555 4171 2087 4314; baseline 0.002 -61"><span class='ocrx_word' id='word_1_240' title='bbox 555 4181 703 4268; x_wconf 92' lang='lat' dir='ltr'><strong>omnia,</strong></span> <span class='ocrx_word' id='word_1_241' title='bbox 731 4205 825 4278; x_wconf 83' lang='lat' dir='ltr'><strong>quae</strong></span> <span class='ocrx_word' id='word_1_242' title='bbox 849 4176 895 4250; x_wconf 87' lang='lat' dir='ltr'><strong>od</strong></span> <span class='ocrx_word' id='word_1_243' title='bbox 914 4197 993 4248; x_wconf 90' lang='lat' dir='ltr'><strong>rem</strong></span> <span class='ocrx_word' id='word_1_244' title='bbox 1011 4171 1304 4244; x_wconf 83' lang='lat' dir='ltr'><strong>illustrandam</strong></span> <span class='ocrx_word' id='word_1_245' title='bbox 1293 4179 1538 4255; x_wconf 78' lang='lat' dir='ltr'><strong>reveniantur</strong></span> <span class='ocrx_word' id='word_1_246' title='bbox 1553 4201 1653 4282; x_wconf 87' lang='lat' dir='ltr'><strong>apta,</strong></span> <span class='ocrx_word' id='word_1_247' title='bbox 1683 4180 1829 4256; x_wconf 89' lang='lat' dir='ltr'><strong>viribus</strong></span> <span class='ocrx_word' id='word_1_248' title='bbox 1856 4183 2031 4314; x_wconf 77' lang='lat' dir='ltr'><strong>colligere</strong></span> <span class='ocrx_word' id='word_1_249' title='bbox 2049 4202 2087 4256; x_wconf 89' lang='lat' dir='ltr'><strong>et</strong></span> 
     </span>
    </p>
   </div>
   <div class='ocr_carea' id='block_1_8' title="bbox 436 4307 1539 4414">
    <p class='ocr_par' dir='ltr' id='par_1_10' title="bbox 436 4307 1539 4414">
     <span class='ocr_line' id='line_1_28' title="bbox 436 4307 1539 4414; baseline 0.006 -30"><span class='ocrx_word' id='word_1_250' title='bbox 436 4351 441 4358; x_wconf 95' lang='lat'>·</span> <span class='ocrx_word' id='word_1_251' title='bbox 555 4315 774 4402; x_wconf 85' lang='lat' dir='ltr'><strong>scientiam,</strong></span> <span class='ocrx_word' id='word_1_252' title='bbox 800 4315 896 4394; x_wconf 87' lang='lat' dir='ltr'><strong>licet</strong></span> <span class='ocrx_word' id='word_1_253' title='bbox 913 4309 1070 4386; x_wconf 87' lang='lat' dir='ltr'><strong>minima</strong></span> <span class='ocrx_word' id='word_1_254' title='bbox 1090 4307 1325 4398; x_wconf 84' lang='lat' dir='ltr'><strong>accessione,</strong></span> <span class='ocrx_word' id='word_1_255' title='bbox 1348 4313 1539 4414; x_wconf 86' lang='lat' dir='ltr'><strong>adaugere.</strong></span> 
     </span>
    </p>
   </div>
   <div class='ocr_carea' id='block_1_9' title="bbox 554 4443 2085 4687">
    <p class='ocr_par' dir='ltr' id='par_1_11' title="bbox 554 4443 2085 4687">
     <span class='ocr_line' id='line_1_29' title="bbox 677 4443 2085 4548; baseline 0.001 -26"><span class='ocrx_word' id='word_1_256' title='bbox 677 4449 785 4522; x_wconf 89' lang='lat' dir='ltr'><strong>Ordo</strong></span> <span class='ocrx_word' id='word_1_257' title='bbox 805 4465 948 4532; x_wconf 89' lang='lat' dir='ltr'><strong>autern,</strong></span> <span class='ocrx_word' id='word_1_258' title='bbox 983 4465 1094 4540; x_wconf 89' lang='lat' dir='ltr'><strong>qrrenr</strong></span> <span class='ocrx_word' id='word_1_259' title='bbox 1120 4443 1223 4514; x_wconf 85' lang='lat' dir='ltr'><strong>lrac</strong></span> <span class='ocrx_word' id='word_1_260' title='bbox 1213 4469 1255 4516; x_wconf 90' lang='lat' dir='ltr'><strong>rn</strong></span> <span class='ocrx_word' id='word_1_261' title='bbox 1280 4449 1548 4546; x_wconf 87' lang='lat' dir='ltr'><strong>scriptiuncula</strong></span> <span class='ocrx_word' id='word_1_262' title='bbox 1570 4453 1872 4548; x_wconf 85' lang='lat' dir='ltr'><strong>persequendum</strong></span> <span class='ocrx_word' id='word_1_263' title='bbox 1905 4477 1986 4526; x_wconf 87' lang='lat' dir='ltr'><strong>esse</strong></span> <span class='ocrx_word' id='word_1_264' title='bbox 2009 4477 2085 4524; x_wconf 87' lang='lat' dir='ltr'><strong>cre·</strong></span> 
     </span>
     <span class='ocr_line' id='line_1_30' title="bbox 554 4575 2084 4687; baseline 0.005 -36"><span class='ocrx_word' id='word_1_265' title='bbox 554 4577 733 4672; x_wconf 88' lang='lat' dir='ltr'><strong>didimus,</strong></span> <span class='ocrx_word' id='word_1_266' title='bbox 750 4585 810 4658; x_wconf 89' lang='lat' dir='ltr'><strong>lric</strong></span> <span class='ocrx_word' id='word_1_267' title='bbox 824 4581 913 4660; x_wconf 79' lang='lat' dir='ltr'><strong>crit:</strong></span> <span class='ocrx_word' id='word_1_268' title='bbox 938 4596 981 4652; x_wconf 87' lang='lat' dir='ltr'><strong>ut</strong></span> <span class='ocrx_word' id='word_1_269' title='bbox 989 4579 1156 4677; x_wconf 85' lang='lat' dir='ltr'><strong>primum</strong></span> <span class='ocrx_word' id='word_1_270' title='bbox 1167 4575 1293 4652; x_wconf 87' lang='lat' dir='ltr'><strong>morbi</strong></span> <span class='ocrx_word' id='word_1_271' title='bbox 1305 4581 1501 4662; x_wconf 81' lang='lat' dir='ltr'><strong>historiam</strong></span> <span class='ocrx_word' id='word_1_272' title='bbox 1517 4605 1554 4660; x_wconf 86' lang='lat' dir='ltr'><strong>et</strong></span> <span class='ocrx_word' id='word_1_273' title='bbox 1564 4588 1768 4664; x_wconf 85' lang='lat' dir='ltr'><strong>sectionem</strong></span> <span class='ocrx_word' id='word_1_274' title='bbox 1778 4589 2084 4687; x_wconf 83' lang='lat' dir='ltr'><strong>praeurittamus3</strong></span> 
     </span>
    </p>
   </div>
   <div class='ocr_carea' id='block_1_10' title="bbox 0 0 2390 5856">
    <p class='ocr_par' dir='ltr' id='par_1_12' title="bbox 0 0 2390 5856">
     <span class='ocr_line' id='line_1_31' title="bbox 0 0 2390 5856; baseline 0 4"><span class='ocrx_word' id='word_1_275' title='bbox 0 0 2390 5856; x_wconf 95' lang='lat' dir='ltr'><strong> </strong></span> 
     </span>
    </p>
   </div>
  </div>
 </body>
</html>
