4748 5852
677 1596 1412 1778 Puoouuruu
1529 1567 1533 1575 “

259 2113 408 2222 Nullo
432 2165 531 2221 certe
556 2119 754 2224 invenitur
772 2143 943 2246 corporis
961 2139 1120 2216 humaui
1135 2163 1242 2240 pars,
1268 2163 1362 2240 quse
1380 2141 1468 2220 licet
1486 2147 1631 2244 optimo
1644 2148 1814 2246 pbiloso-

277 2286 505 2383 phorum-et
526 2286 764 2373 medicorum
788 2282 940 2382 ingenis
968 2301 1158 2386 summam
1182 2275 1272 2350 inde
1295 2277 1471 2376 pluribus
1495 2304 1544 2352 ex
1562 2283 1698 2358 seculis
1714 2287 1814 2362 vitoe
1883 2285 1912 2392 J

281 2415 363 2519 ejus
388 2435 425 2489 et
446 2420 601 2492 naturae
621 2419 902 2516 perscrutandis
926 2385 1305 2512 dederunt'operam,
1340 2403 1517 2490 'scientiae
1536 2419 1722 2508 humanae
1737 2447 1815 2502 ma.

280 2553 337 2652 gis
366 2553 545 2641 illuserit,
576 2581 699 2652 ¹quom
721 2555 927 2628 cerebrum.
995 2527 1263 2638 Auatomicus,
1289 2551 1414 2624 cultro
1438 2570 1624 2644 armatus,
1652 2575 1817 2642 structu.

281 2709 361 2758 rem
380 2685 461 2780 ejus
483 2690 668 2777 ostendit,
691 2687 842 2788 nosque
859 2689 955 2764 bene
972 2687 1099 2774 docet,
1125 2707 1308 2772 sensuum
1325 2709 1469 2764 nervos
1488 2689 1661 2781 omniurn
1679 2691 1816 2767 exhinc

278 2820 492 2918 procedere.
549 2827 751 2900 Concludit
774 2851 821 2898 cx
840 2827 897 2898 his
915 2823 1187 2932 physiologus,
1221 2839 1395 2894 centrum
1416 2845 1516 2909 esse,
1543 2849 1622 2931 quo
1649 2822 1816 2917 objecto·
1879 2921 1886 2936 ι

281 2981 371 3030 rum
390 2960 579 3056 perceptio
601 2963 805 3037 conveniat
828 2979 940 3056 atque
961 2957 1173 3056 egrediatur
1192 2957 1354 3047 reacti03
1381 2955 1522 3054 quibus
1539 2959 1644 3034 addit
1659 2963 1819 3058 psycho-

280 3095 413 3192 logusr
456 3094 512 3166 ibi
536 3113 610 3181 est,
641 3123 718 3194 quo
740 3093 909 3169 hominis
941 3112 1158 3178 summum,
1206 3067 1452 3164 meussuum
1482 3094 1614 3190 posuit
1638 3095 1817 3172 tribunal.

283 3233 381 3302 Rem
415 3229 469 3300 sio
498 3253 538 3300 se
575 3231 730 3312 habere,
781 3230 928 3300 nemini
961 3245 1020 3294 est
1048 3219 1222 3296 dubium.
1302 3225 1376 3331 bed
1408 3225 1605 3322 quomodo
1639 3226 1731 3318 fiat,
1778 3233 1822 3309 in

283 3382 448 3461 quanam
479 3377 581 3456 parte
609 3359 827 3458 praeprimis
859 3357 970 3442 insit,
1004 3359 1072 3430 ‘ros
1106 3371 1165 3430 est
1191 3351 1312 3430 ‚dubia
1346 3369 1456 3450 atque
1490 3353 1643 3435 incerta.
1722 3367 1824 3466 Quid

276 3521 400 3584 uero,
441 3517 529 3568 cum
557 3513 675 3568 status
710 3494 792 3588 ejus
824 3491 1009 3566 normalis
1037 3489 1275 3565 densissimis
1297 3487 1424 3562 adhuc
1453 3493 1622 3588 sepultus
1645 3497 1696 3570 sit
1723 3517 1823 3576 tene·

283 3631 380 3718 bris,
423 3632 654 3731 pathologo,
696 3629 963 3704 functionibus
993 3625 1140 3702 cerebri
1158 3627 1338 3712 turbatis,
1376 3644 1436 3700 est
1464 3627 1681 3726 agendum?
1734 3637 1824 3708 om.

284 3791 354 3840 nes
379 3767 641 3859 conclamant:
675 3767 868 3840 cerebrum
892 3759 950 3840 est'
974 3760 1171 3850 affectum,
1199 3779 1318 3859 etque
1337 3761 1415 3859 ipse
1439 3727 1559 3838 credie
1570 3743 1686 3842 idem]
1751 3767 1824 3844 Sed
1911 3753 1916 3768 ⁵

289 3925 471 4000 quaenam
496 3901 618 3974 cerebi
643 3927 729 4002 pars
749 3919 790 3972 et
816 3902 1013 3998 quomodo
1036 3895 1213 3974 laborat?
1263 3897 1475 3988 Omnibus,
1511 3925 1608 3998 quae
1628 3902 1676 3975 od
1698 3901 1824 3976 morbi
1874 3994 1880 4005 ἡ

286 4035 487 4136 diagnosiu
514 4035 642 4108 stricte
676 4040 939 4134 postulantur,
984 4038 1207 4133 destitutus,
1243 4035 1431 4123 remedie,
1470 4053 1568 4134 quae
1589 4039 1825 4134 experientia

289 4197 357 4249 sue
379 4171 549 4256 edocuit,
578 4172 742 4246 adhibet.
802 4155 942 4248 Omnia
961 4175 1169 4280 incassum.
1216 4177 1314 4246 Post
1333 4187 1502 4246 mortem
1521 4197 1572 4246 ne
1594 4174 1719 4246 ullum
1746 4172 1827 4270 qui·

290 4305 377 4378 dem
404 4303 531 4378 morbi
562 4287 770 4406 uestigium
803 4309 958 4408 detegit.
1037 4308 1141 4384 Alias
1170 4304 1345 4408 oegroius'
1372 4302 1425 4380 e'x
1449 4307 1587 4382 morbo
1611 4306 1755 4404 pruris,
1805 4329 1829 4415 s

290 4440 441 4513 cerebro
471 4449 655 4528 remotae,
704 4447 882 4533 moritur,
919 4462 962 4517 et
980 4439 1084 4516 ecce!
1129 4445 1294 4518 sectione
1316 4443 1492 4520 instituto
1515 4459 1664 4540 praeter
1688 4441 1831 4516 vitium

290 4576 526 4672 praedictum
561 4595 599 4650 et
628 4579 672 4654 in
692 4583 851 4662 cerebro
877 4582 1033 4656 invenit
1053 4579 1368 4670 destructionem,
1403 4603 1459 4652 ne
1484 4575 1647 4664 minimo
1672 4577 1832 4680 quidem

1532 4715 1568 4786 A
