4770 5856
1001 638 1215 687 .·-·
1312 589 1498 704 r*-

561 803 701 882 frontis
732 819 862 881 sutura
891 805 1064 883 coronali
1094 805 1292 899 adhaeret,
1325 809 1478 906 dolores
1504 833 1653 890 accusat
1677 817 1869 908 internos,
1909 822 2100 918 obtusos,

562 949 798 1040 prementem
829 943 946 1018 febris
964 948 1106 1028 accedit
1116 949 1266 1048 gravis,
1289 951 1423 1046 pulsus
1441 938 1597 1047 plenus,
1625 954 1763 1044 durus,
1790 961 1897 1032 celer.
1953 965 2102 1056 ¹ilemo·
2209 972 2216 991 “

443 1109 446 1117 ·
564 1077 638 1152 diis
674 1104 887 1180 quanquam
910 1083 1060 1168 idoneis
1081 1086 1282 1176 adhibitis,
1317 1086 1650 1179 ,morbus'tamem
1690 1119 1820 1168 menso
1843 1112 2015 1190 peracto,
2052 1100 2102 1171 in

539 1195 696 1288 ¹veram
726 1242 813 1290 cum
835 1220 968 1318 capitis
989 1215 1212 1314 jactatione,
1248 1227 1514 1298 musculorum
1537 1225 1651 1301 faciei
1675 1227 1896 1302 distortione
1921 1247 1957 1300 et
1981 1232 2100 1304 totius

566 1337 734 1447 corporis
770 1353 959 1452 rigiditate
969 1335 990 1443 ,⁶
1027 1357 1266 1456 epilepsiam,
1311 1364 1443 1460 plures
1471 1347 1655 1458 quotidie
1678 1386 1930 1460 paroxysnros
1964 1364 2102 1438 haben·

564 1503 661 1595 tem,
684 1488 831 1562 transit.
883 1489 958 1589 Qui
973 1491 1127 1588 quidem
1144 1512 1264 1569 status
1280 1497 1541 1583 miserrimus,
1562 1495 1669 1570 febre
1684 1497 1890 1594 capitisque
1907 1499 2104 1576 doloribus

563 1622 767 1722 mitigatis,
798 1645 1024 1722 perannum
1044 1647 1082 1700 et
1096 1632 1204 1728 quod
1222 1633 1371 1706 excedit
1387 1636 1491 1705 tenet
1512 1649 1732 1730 aegrotum,
1756 1635 1822 1729 qui
1839 1633 2048 1732 digestione
2065 1649 2102 1706 et
2177 1621 2181 1634 ’

563 1757 855 1852 reprcduetione
874 1763 966 1836 licet
986 1765 1145 1854 illaesis,
1167 1771 1270 1844 haud
1283 1771 1447 1844 idoneus
1463 1786 1593 1846 tamen
1610 1767 1680 1838 ulli
1693 1765 1835 1854 labori,
1855 1776 2102 1864 paroxysmua
2162 1817 2166 1824 -

562 1890 688 1963 morbi
700 1914 788 1961 cum
800 1903 1207 1987 eumquocunquefere
1216 1909 1389 1990 tempore
1398 1904 1591 1990 corripiar,
1602 1893 2102 1993 vitamdegirtiistissiuram.

563 2024 712 2098 Accidit
736 2041 883 2112 autem,
922 2041 967 2096 ut
988 2023 1180 2098 mensibus
1201 2027 1419 2124 quindecim
1438 2045 1531 2123 post
1549 2027 1691 2115 ictum,
1716 2034 2007 2128 capitiillutum,
2038 2025 2129 2104 do?
2188 2052 2192 2061 ·

564 2159 665 2232 loros
686 2160 730 2232 in
752 2161 910 2269 regione
933 2161 1067 2258 capitis
1090 2180 1434 2256 supramemorata
1457 2179 1608 2236 tantum
1627 2165 1813 2262 attingant
1839 2165 2022 2264 gradum,
2057 2185 2102 2242 ut

565 2291 626 2364 die
656 2312 853 2390 noctuque
875 2290 986 2366 omni
1012 2295 1143 2393 quiete
1167 2294 1374 2368 destitutus
1389 2321 1473 2369 non
1497 2297 1614 2394 possit
1640 2321 1722 2370 non
1747 2300 1898 2391 ejulare.
1974 2303 2100 2374 Febris

566 2445 679 2503 atrox
702 2445 742 2500 et
768 2428 900 2502 deliria
926 2430 1018 2510 dira,
1080 2434 1212 2506 Plures
1237 2453 1307 2527 per
1322 2428 1548 2527 septimanas
1576 2429 1727 2506 dolores
1751 2437 1816 2508 isti
1839 2437 1912 2529 diri
1934 2437 2099 2508 cruciant

565 2581 783 2667 aegrotum,
819 2567 1022 2663 epilepsiae
1041 2593 1137 2643 vero
1153 2568 1550 2666 paroxysmicessant
1603 2569 1732 2642 Dolor
1746 2571 2106 2674 vehementissimus¹

565 2695 708 2770 sensim
734 2695 926 2772 descendit
949 2702 997 2773 ad
1023 2702 1144 2774 dextri
1165 2703 1299 2775 lateris
1318 2703 1447 2776 aurem·
1470 2720 1508 2775 et
1530 2704 1711 2788 oculunr,
1737 2703 1803 2800 qui
1818 2707 1893 2776 alta
1915 2705 1959 2774 in
1979 2705 2100 2776 orbita

561 2831 697 2905 furens·
720 2856 800 2930 quo
827 2838 950 2934 magis
974 2838 1197 2936 adaugetur,
1233 2861 1283 2908 eo
1307 2839 1427 2936 magis
1444 2831 1492 2908 in
1516 2841 1712 2934 superiore
1732 2841 1867 2937 capitia
1890 2861 1994 2936 parte
2014 2863 2102 2932 eya·

562 2969 693 3045 nescit.
772 2973 917 3043 Oculus
941 2971 1074 3058 rubet,
1116 2973 1339 3042 intumescit
1370 2973 1417 3042 ad
1438 2973 1631 3069 juglandis
1660 2973 1957 3070 magnitudinem
1983 2991 2100 3070 atquc
2191 3021 2198 3038 ι

562 3125 584 3173 e
611 3105 774 3175 cavitate
801 3129 868 3174 sua
888 3123 1093 3200 protrusus
1114 3106 1292 3204 palpebra
1313 3107 1506 3202 superiore
1530 3107 1652 3179 soluta
1680 3108 1869 3178 continuo·
1891 3109 2098 3208 obtegitur,

564 3239 647 3332 Qua
675 3233 844 3322 sublata,
867 3241 1086 3314 membrana
1101 3243 1237 3309 adnata
1252 3257 1405 3330 apparet
1423 3241 1576 3321 rubens,
1603 3245 1702 3308 vasis
1722 3241 1904 3313 varicosis
1918 3259 2099 3338 pertexta,

562 3391 701 3442 cornea
724 3369 898 3456 turbida,
925 3371 991 3444 iris
1010 3385 1229 3456 contracta,
1260 3367 1493 3455 immobilis,
1524 3371 1651 3442 colore
1668 3369 1801 3459 fusto,
1827 3377 1944 3450 serius
1961 3377 2096 3466 viridi,

561 3501 800 3594 obiectorum
820 3505 1015 3604 perceptio
1036 3504 1170 3580 debilis
1192 3503 1421 3600 nebulisque
1435 3504 1659 3601 interrupta.
1691 3509 1824 3602 *Brevi
1840 3528 1930 3604 post
1943 3535 2097 3600 comeo,

558 3639 712 3736 lympha
727 3613 956 3740 coagulabili
970 3641 1249 3714 interlamellas
1265 3655 1425 3725 excreta,
1444 3665 1539 3736 quae
1555 3660 1790 3742 segmentum
1804 3645 1990 3740 imprimis
2001 3645 2101 3718 infe-

490 3787 497 3798 “
559 3759 1315 3864 rius,formamexhibenssemilunarem,
1333 3777 1499 3874 corripit,
1519 3777 1862 3874 planeconspicitnr
1878 3777 2097 3854 obcoecata.
2140 3817 2156 3860 ·.

559 3911 683 4004 Quem
707 3911 815 3982 oculi
840 3929 1002 4000 statum,
1032 3913 1208 4010 palpebra
1229 3913 1414 4010 superiori
1437 3911 1605 3998 sublata,
1630 3911 1722 3983 Tab.
1740 3918 1771 3984 Ι.
1794 3915 1895 3985 clare
1914 3917 2093 3997 ostendit.

556 4043 729 4116 Dolores
753 4047 857 4118 oculi
886 4046 1055 4121 aiundc
1079 4049 1225 4120 orbitae
1250 4049 1297 4144 ad
1322 4063 1492 4122 externas
1521 4066 1642 4145 partes
1666 4044 1840 4120 furentes
1865 4047 2091 4148 perdprant,

556 4201 635 4275 quo
658 4205 779 4278 usque
796 4206 818 4253 e
834 4185 970 4258 cantho
993 4152 1148 4258 interno
1167 4201 1204 4256 et
1221 4183 1356 4255 dextro
1372 4184 1457 4257 nasi
1478 4183 1580 4258 ostio
1597 4185 1877 4280 aliquantulum
1892 4185 2092 4284 sanguinis

551 4315 713 4407 prodeat
738 4315 924 4414 grumosi.
979 4317 1131 4392 Abhinc
1151 4337 1267 4392 status
1288 4321 1391 4392 oculi
1415 4319 1535 4404 idem,
1559 4319 1710 4391 dolores
1735 4319 1861 4406 nulli,
1889 4311 2096 4416 epilepsiae·

555 4443 655 4520 binis
674 4418 821 4534 tantmn
846 4456 1084 4549 paroxysmis
1106 4455 1262 4530 reditus.
1312 4459 1455 4530 Oculus
1473 4457 1645 4541 sinister,
1670 4455 1702 4528 si
1719 4456 1909 4550 quandam
1935 4455 1980 4527 ad
2001 4425 2095 4526 can-2

549 4579 664 4660 thuni
681 4585 1127 4692 internum.rubedinem
1148 4593 1359 4690 exceperis,
1389 4617 1523 4680 senuas
1555 4589 1737 4666 memoria
1763 4607 1801 4664 et
1827 4591 1887 4666 sui
1908 4590 2030 4688 ipsius
2049 4603 2086 4662 et
